{"gold_per_floor":[16,16,34,34,48,48,79,79,79,95,113,113,130,130],"floor_reached":14,"playtime":843,"items_purged":[],"score":184,"play_id":"877ffd99-0251-48a9-849a-a5bb19664583","local_time":"20190115125927","is_ascension_mode":true,"campfire_choices":[{"data":"Zap","floor":6,"key":"SMITH"},{"data":"Seek","floor":8,"key":"SMITH"},{"data":"Leap","floor":12,"key":"SMITH"}],"neow_cost":"NO_GOLD","seed_source_timestamp":12710119554647,"circlet_count":0,"master_deck":["AscendersBane","Strike_B","Strike_B","Strike_B","Strike_B","Defend_B","Defend_B","Defend_B","Defend_B","Zap+1","Dualcast","Seek+1","Gash","Capacitor","Pain","Cold Snap","Chill","Capacitor","Leap+1","Doom and Gloom","Consume"],"relics":["Cracked Core","Bird Faced Urn","WarpedTongs","Dream Catcher","Prayer Wheel"],"potions_floor_usage":[7,10,14],"damage_taken":[{"damage":9,"enemies":"Jaw Worm","floor":1,"turns":4},{"damage":0,"enemies":"2 Louse","floor":3,"turns":2},{"damage":5,"enemies":"Cultist","floor":5,"turns":3},{"damage":21,"enemies":"Lagavulin","floor":7,"turns":7},{"damage":5,"enemies":"2 Fungi Beasts","floor":10,"turns":3},{"damage":13,"enemies":"Looter","floor":11,"turns":3},{"damage":13,"enemies":"Exordium Thugs","floor":13,"turns":5},{"damage":15,"enemies":"Exordium Wildlife","floor":14,"turns":3}],"seed_played":"3743457915286480688","potions_obtained":[{"floor":3,"key":"Regen Potion"},{"floor":5,"key":"Swift Potion"},{"floor":11,"key":"Dexterity Potion"}],"is_trial":false,"path_per_floor":["M","?","M","?","M","R","E","R","T","M","M","R","M","M"],"character_chosen":"DEFECT","items_purchased":[],"campfire_rested":0,"item_purchase_floors":[],"current_hp_per_floor":[55,44,44,44,41,41,36,36,36,33,24,24,13,0],"gold":130,"neow_bonus":"THREE_RARE_CARDS","is_prod":false,"is_daily":false,"chose_seed":false,"campfire_upgraded":3,"win_rate":0,"timestamp":1547585967,"path_taken":["M","?","M","?","M","R","E","R","T","M","?","R","M","M"],"build_version":"2019-01-14v2","purchased_purges":0,"victory":false,"max_hp_per_floor":[71,71,71,71,71,71,71,71,71,71,71,71,71,71],"card_choices":[{"not_picked":["Buffer","Core Surge"],"picked":"Seek","floor":0},{"not_picked":["Turbo","Hologram"],"picked":"Gash","floor":1},{"not_picked":["Blizzard","Rebound"],"picked":"Capacitor","floor":3},{"not_picked":["Beam Cell","Conserve Battery"],"picked":"Cold Snap","floor":5},{"not_picked":["Auto Shields","Streamline"],"picked":"Chill","floor":7},{"not_picked":["Sweeping Beam","Conserve Battery"],"picked":"Capacitor","floor":10},{"not_picked":["FTL","Streamline","Rebound"],"picked":"SKIP","floor":10},{"not_picked":["Cold Snap","Barrage"],"picked":"Leap","floor":11},{"not_picked":["Compile Driver","Steam Power","Steam"],"picked":"SKIP","floor":11},{"not_picked":["Self Repair","Streamline"],"picked":"Doom and Gloom","floor":13},{"not_picked":["Sweeping Beam","Melter"],"picked":"Consume","floor":13}],"player_experience":4349795,"relics_obtained":[{"floor":7,"key":"Dream Catcher"},{"floor":9,"key":"Prayer Wheel"}],"event_choices":[{"damage_healed":0,"gold_gain":0,"player_choice":"Success","damage_taken":11,"relics_obtained":["Bird Faced Urn"],"max_hp_gain":0,"max_hp_loss":0,"event_name":"Scrap Ooze","floor":2,"gold_loss":0},{"damage_healed":0,"gold_gain":0,"player_choice":"Rummage","damage_taken":0,"relics_obtained":["WarpedTongs"],"max_hp_gain":0,"max_hp_loss":0,"event_name":"Accursed Blacksmith","floor":4,"gold_loss":0,"cards_obtained":["Pain"]}],"is_beta":true,"boss_relics":[],"items_purged_floors":[],"is_endless":false,"potions_floor_spawned":[3,5,11],"killed_by":"Exordium Wildlife","ascension_level":20}