{"gold_per_floor":[363,323,323,333,344,344,379,379,379,379,7,35,45,45,45,119,119,98,111,111,111],"floor_reached":21,"playtime":794,"items_purged":[],"score":399,"play_id":"4235f560-cc2d-493f-b3e1-79cd826db8eb","local_time":"20190119141804","is_ascension_mode":true,"campfire_choices":[{"floor":6,"key":"REST"},{"data":"Perfected Strike","floor":8,"key":"SMITH"},{"floor":10,"key":"REST"},{"floor":15,"key":"REST"}],"neow_cost":"PERCENT_DAMAGE","seed_source_timestamp":114479178375725,"circlet_count":0,"master_deck":["AscendersBane","Bash+1","Sword Boomerang","Perfected Strike+1","Shrug It Off","Clothesline","Corruption","Spot Weakness","Limit Break","Whirlwind","Feed","Armaments","Warcry","Cleave","Entrench","Combust","Thunderclap","Berserk","Seeing Red","Barricade","Anger","Rupture","Bite","Bite","Bite","Bite","Bite"],"relics":["Burning Blood","Shuriken","Whetstone","Mummified Hand","Regal Pillow","Pandora\u0027s Box"],"potions_floor_usage":[12],"damage_taken":[{"damage":12,"enemies":"Jaw Worm","floor":1,"turns":3},{"damage":7,"enemies":"2 Louse","floor":4,"turns":2},{"damage":0,"enemies":"Cultist","floor":5,"turns":2},{"damage":28,"enemies":"Gremlin Nob","floor":7,"turns":4},{"damage":32,"enemies":"3 Sentries","floor":12,"turns":8},{"damage":11,"enemies":"Looter","floor":13,"turns":3},{"damage":41,"enemies":"Slime Boss","floor":16,"turns":7},{"damage":20,"enemies":"2 Thieves","floor":18,"turns":4},{"damage":41,"enemies":"Spheric Guardian","floor":19,"turns":5},{"damage":23,"enemies":"Shelled Parasite and Fungi","floor":21,"turns":2}],"seed_played":"-1674240838016990428","potions_obtained":[{"floor":7,"key":"SkillPotion"},{"floor":16,"key":"Dexterity Potion"}],"is_trial":false,"path_per_floor":["M","?","?","M","M","R","E","R","T","R","$","E","M","?","R","B",null,"M","M","?","M"],"character_chosen":"IRONCLAD","items_purchased":["Mummified Hand","Corruption"],"campfire_rested":3,"item_purchase_floors":[11,11],"current_hp_per_floor":[44,44,21,20,26,48,26,26,26,48,48,22,17,17,54,19,61,47,12,12,0],"gold":111,"neow_bonus":"TWO_FIFTY_GOLD","is_prod":false,"is_daily":false,"chose_seed":false,"campfire_upgraded":1,"win_rate":0,"timestamp":1547936284,"path_taken":["M","?","?","M","M","R","E","R","T","R","$","E","M","?","R","BOSS","M","?","?","M"],"build_version":"2019-01-17","purchased_purges":0,"victory":false,"max_hp_per_floor":[75,75,75,75,75,75,75,75,75,75,75,75,75,75,75,75,75,75,75,52,52],"card_choices":[{"not_picked":["Shrug It Off","Dropkick"],"picked":"Sword Boomerang","floor":1},{"not_picked":["Armaments","Burning Pact"],"picked":"Perfected Strike","floor":4},{"not_picked":["Body Slam","Flex"],"picked":"Shrug It Off","floor":5},{"not_picked":["Headbutt","Wild Strike"],"picked":"Clothesline","floor":7},{"not_picked":["Thunderclap","Rampage"],"picked":"Spot Weakness","floor":12},{"not_picked":["Fire Breathing","Entrench"],"picked":"Limit Break","floor":13},{"not_picked":["Immolate","Berserk"],"picked":"Feed","floor":16},{"not_picked":["Thunderclap","Body Slam"],"picked":"Anger","floor":18},{"not_picked":["Seeing Red","Flex"],"picked":"Rupture","floor":19}],"player_experience":4430465,"relics_obtained":[{"floor":7,"key":"Shuriken"},{"floor":9,"key":"Whetstone"},{"floor":12,"key":"Regal Pillow"}],"event_choices":[{"damage_healed":0,"gold_gain":0,"player_choice":"Left Gold","damage_taken":0,"max_hp_gain":0,"max_hp_loss":0,"event_name":"World of Goop","floor":2,"gold_loss":40},{"damage_healed":0,"gold_gain":0,"player_choice":"Entered Light","damage_taken":23,"max_hp_gain":0,"max_hp_loss":0,"event_name":"Shining Light","floor":3,"gold_loss":0,"cards_upgraded":["Defend_R","Bash"]},{"damage_healed":0,"gold_gain":0,"player_choice":"1 cards matched","damage_taken":0,"max_hp_gain":0,"max_hp_loss":0,"event_name":"Match and Keep!","floor":14,"gold_loss":0,"cards_obtained":["Whirlwind"]},{"damage_healed":0,"gold_gain":0,"player_choice":"Became a vampire","damage_taken":0,"max_hp_gain":0,"max_hp_loss":23,"event_name":"Vampires","floor":20,"gold_loss":0,"cards_obtained":["Bite","Bite","Bite","Bite","Bite"]}],"is_beta":true,"boss_relics":[{"not_picked":["Busted Crown","Empty Cage"],"picked":"Pandora\u0027s Box"}],"items_purged_floors":[],"is_endless":false,"potions_floor_spawned":[7,16],"killed_by":"Shelled Parasite and Fungi","ascension_level":20}