{"gold_per_floor":[217,227,13,31,31,31,59,59,84,84,116,134,134,148,148,220,220,235,35,55,55,68,68,68,68,95,95,121,138,63,113,113,190,190,209,9,109,109,109,109,141,141,141,0,35,53,105,132,132,132,132,132,132,52,78,78],"floor_reached":57,"playtime":7497,"items_purged":["Strike_G"],"score":2999,"play_id":"14e0d60f-75d2-4b41-b2bc-72298cd5ab26","local_time":"20190118124506","is_ascension_mode":true,"campfire_choices":[{"data":"Skewer","floor":6,"key":"SMITH"},{"data":"Neutralize","floor":8,"key":"SMITH"},{"data":"Wraith Form v2","floor":13,"key":"SMITH"},{"data":"Dagger Throw","floor":15,"key":"SMITH"},{"data":"Crippling Poison","floor":23,"key":"SMITH"},{"data":"Envenom","floor":25,"key":"SMITH"},{"data":"Wraith Form v2","floor":27,"key":"SMITH"},{"data":"Deadly Poison","floor":32,"key":"SMITH"},{"data":"Noxious Fumes","floor":40,"key":"SMITH"},{"floor":42,"key":"RECALL"},{"floor":49,"key":"REST"},{"floor":53,"key":"REST"}],"neow_cost":"NONE","seed_source_timestamp":15762260453881,"circlet_count":0,"master_deck":["AscendersBane","Defend_G","Defend_G","Defend_G","Defend_G","Defend_G","Survivor","Neutralize+1","Dagger Throw+1","Well Laid Plans","Skewer+1","Flying Knee","Calculated Gamble","Wraith Form v2+1","Blur","PiercingWail","Wraith Form v2+1","Dagger Spray","Crippling Poison+1","Burst","Leg Sweep","Envenom+1","Deadly Poison+1","After Image","Acrobatics+1","Noxious Fumes","Escape Plan","Adrenaline","Noxious Fumes+1","Well Laid Plans","Secret Technique","Flash of Steel","Calculated Gamble+1","Deadly Poison","Bouncing Flask+1","Backflip","Noxious Fumes","Tools of the Trade"],"relics":["Ring of the Snake","Juzu Bracelet","Dodecahedron","Strawberry","Lantern","Philosopher\u0027s Stone","Bag of Preparation","Boot","Orrery","StoneCalendar","Mercury Hourglass","Red Mask","Snake Skull","Nunchaku","Ancient Tea Set","Pantograph"],"potions_floor_usage":[7,11,28,33,51,51],"damage_taken":[{"damage":0,"enemies":"Jaw Worm","floor":1,"turns":4},{"damage":1,"enemies":"2 Louse","floor":2,"turns":3},{"damage":0,"enemies":"Cultist","floor":4,"turns":4},{"damage":6,"enemies":"Gremlin Nob","floor":7,"turns":3},{"damage":5,"enemies":"Lagavulin","floor":11,"turns":6},{"damage":2,"enemies":"Red Slaver","floor":12,"turns":3},{"damage":0,"enemies":"Looter","floor":14,"turns":2},{"damage":11,"enemies":"The Guardian","floor":16,"turns":18},{"damage":0,"enemies":"Chosen","floor":18,"turns":4},{"damage":0,"enemies":"2 Thieves","floor":20,"turns":4},{"damage":0,"enemies":"Snake Plant","floor":22,"turns":5},{"damage":14,"enemies":"Gremlin Leader","floor":28,"turns":5},{"damage":2,"enemies":"Centurion and Healer","floor":29,"turns":5},{"damage":49,"enemies":"Champ","floor":33,"turns":20},{"damage":0,"enemies":"Orb Walker","floor":35,"turns":5},{"damage":0,"enemies":"Mind Bloom Boss Battle","floor":37,"turns":8},{"damage":0,"enemies":"Nemesis","floor":41,"turns":8},{"damage":0,"enemies":"Giant Head","floor":45,"turns":9},{"damage":0,"enemies":"3 Shapes","floor":46,"turns":3},{"damage":0,"enemies":"2 Orb Walkers","floor":47,"turns":5},{"damage":0,"enemies":"Reptomancer","floor":48,"turns":6},{"damage":0,"enemies":"Donu and Deca","floor":50,"turns":7},{"damage":60,"enemies":"Awakened One","floor":51,"turns":16},{"damage":0,"enemies":"Shield and Spear","floor":55,"turns":5},{"damage":72,"enemies":"The Heart","floor":56,"turns":10}],"seed_played":"8181931977189690961","potions_obtained":[{"floor":2,"key":"LiquidBronze"},{"floor":4,"key":"Poison Potion"},{"floor":7,"key":"GhostInAJar"},{"floor":14,"key":"Regen Potion"},{"floor":28,"key":"Strength Potion"},{"floor":41,"key":"SpeedPotion"},{"floor":46,"key":"Block Potion"}],"is_trial":false,"path_per_floor":["M","M","$","M","?","R","E","R","T","?","E","M","R","M","R","B",null,"M","$","M","?","M","R","?","R","T","R","E","M","$","?","R","B",null,"M","$","?","?","?","R","E","R","T","?","E","M","?","E","R","B","B",null,"R","$","E","B",null],"character_chosen":"THE_SILENT","items_purchased":["Well Laid Plans","Skewer","FearPotion","Bag of Preparation","Dagger Spray","Adrenaline","Noxious Fumes","Noxious Fumes"],"campfire_rested":2,"item_purchase_floors":[3,3,3,19,19,36,36,54],"current_hp_per_floor":[59,58,58,58,47,47,41,41,48,48,43,41,41,41,41,30,62,62,62,62,62,62,62,62,62,62,62,60,58,58,58,58,9,57,57,57,57,57,47,47,47,47,47,47,47,47,47,47,68,68,8,57,73,73,73,1],"gold":78,"neow_bonus":"HUNDRED_GOLD","is_prod":false,"is_daily":false,"chose_seed":false,"campfire_upgraded":9,"win_rate":0,"timestamp":1547844306,"path_taken":["M","M","$","M","?","R","E","R","T","?","E","M","R","M","R","BOSS","M","$","M","?","M","R","?","R","T","R","E","M","$","?","R","BOSS","M","$","?","?","?","R","E","R","T","?","E","M","?","E","R","BOSS","BOSS","R","$","E","BOSS"],"build_version":"2019-01-16","purchased_purges":1,"victory":true,"max_hp_per_floor":[66,66,66,66,66,66,66,66,73,73,73,73,73,73,73,73,73,73,73,73,73,73,73,73,73,73,73,73,73,73,73,73,73,73,73,73,73,73,73,73,73,73,73,73,73,73,73,73,73,73,73,73,73,73,73,73],"card_choices":[{"not_picked":["Outmaneuver","Riddle With Holes"],"picked":"Dagger Throw","floor":1},{"not_picked":["Deflect","Tactician","Distraction"],"picked":"SKIP","floor":2},{"not_picked":["Underhanded Strike","Outmaneuver"],"picked":"Flying Knee","floor":4},{"not_picked":["Bane","Blade Dance"],"picked":"Calculated Gamble","floor":7},{"not_picked":["Dagger Spray","Bane"],"picked":"Wraith Form v2","floor":11},{"not_picked":["Cloak And Dagger","Dagger Spray"],"picked":"Blur","floor":12},{"not_picked":["Deflect","Flying Knee"],"picked":"PiercingWail","floor":14},{"not_picked":["Bullet Time","Venomology"],"picked":"Wraith Form v2","floor":16},{"not_picked":["Flechettes","Underhanded Strike","Endless Agony"],"picked":"SKIP","floor":18},{"not_picked":["Concentrate","Deflect"],"picked":"Crippling Poison","floor":20},{"not_picked":["Cloak And Dagger","Deflect","Eviscerate"],"picked":"SKIP","floor":22},{"not_picked":["Blade Dance+1","Acrobatics"],"picked":"Deadly Poison","floor":28},{"not_picked":["Bouncing Flask","Sucker Punch","Dodge and Roll"],"picked":"SKIP","floor":29},{"not_picked":["Phantasmal Killer","Bullet Time"],"picked":"After Image","floor":33},{"not_picked":["Eviscerate","Deflect"],"picked":"Acrobatics+1","floor":34},{"not_picked":["Quick Slash","Dagger Spray"],"picked":"Noxious Fumes","floor":34},{"not_picked":["Dagger Spray+1","PiercingWail"],"picked":"Escape Plan","floor":34},{"not_picked":["Dash","PiercingWail+1","Quick Slash+1"],"picked":"SKIP","floor":35},{"not_picked":["PiercingWail","Footwork"],"picked":"Well Laid Plans","floor":37},{"not_picked":["Panacea","Swift Strike"],"picked":"Secret Technique","floor":39},{"not_picked":["Good Instincts","PanicButton"],"picked":"Flash of Steel","floor":39},{"not_picked":["Predator","Sucker Punch"],"picked":"Calculated Gamble+1","floor":41},{"not_picked":["Deflect","Tactician","Backstab"],"picked":"SKIP","floor":45},{"not_picked":["Prepared","Quick Slash+1"],"picked":"Deadly Poison","floor":46},{"not_picked":["Concentrate+1","Prepared+1"],"picked":"Bouncing Flask+1","floor":47},{"not_picked":["Prepared+1","Blade Dance+1"],"picked":"Backflip","floor":48},{"not_picked":["Deflect","Endless Agony"],"picked":"Tools of the Trade","floor":55}],"player_experience":4400372,"relics_obtained":[{"floor":7,"key":"Dodecahedron"},{"floor":9,"key":"Strawberry"},{"floor":11,"key":"Lantern"},{"floor":28,"key":"Boot"},{"floor":37,"key":"StoneCalendar"},{"floor":43,"key":"Mercury Hourglass"},{"floor":45,"key":"Snake Skull"},{"floor":47,"key":"Nunchaku"},{"floor":48,"key":"Ancient Tea Set"},{"floor":55,"key":"Pantograph"}],"event_choices":[{"damage_healed":0,"gold_gain":0,"player_choice":"Success","damage_taken":11,"relics_obtained":["Juzu Bracelet"],"max_hp_gain":0,"max_hp_loss":0,"event_name":"Scrap Ooze","floor":5,"gold_loss":0},{"cards_removed":["Strike_G"],"damage_healed":0,"gold_gain":0,"player_choice":"Forget","damage_taken":0,"max_hp_gain":0,"max_hp_loss":0,"event_name":"Living Wall","floor":10,"gold_loss":0},{"damage_healed":0,"gold_gain":0,"cards_transformed":["Strike_G","Strike_G"],"player_choice":"Became Test Subject","damage_taken":0,"max_hp_gain":0,"max_hp_loss":0,"event_name":"Drug Dealer","floor":21,"gold_loss":0,"cards_obtained":["Burst","Leg Sweep"]},{"damage_healed":0,"gold_gain":0,"cards_transformed":["Strike_G"],"player_choice":"Transformed","damage_taken":0,"max_hp_gain":0,"max_hp_loss":0,"event_name":"Transmorgrifier","floor":24,"gold_loss":0,"cards_obtained":["Envenom"]},{"damage_healed":0,"gold_gain":50,"player_choice":"Pray","damage_taken":0,"max_hp_gain":0,"max_hp_loss":0,"event_name":"Golden Shrine","floor":31,"gold_loss":0},{"damage_healed":0,"gold_gain":0,"player_choice":"Fight","damage_taken":0,"max_hp_gain":0,"max_hp_loss":0,"event_name":"MindBloom","floor":37,"gold_loss":0},{"damage_healed":0,"gold_gain":0,"player_choice":"Ignored","damage_taken":0,"max_hp_gain":0,"max_hp_loss":0,"event_name":"SecretPortal","floor":38,"gold_loss":0},{"damage_healed":0,"gold_gain":0,"player_choice":"Memory 3","damage_taken":10,"max_hp_gain":0,"max_hp_loss":0,"event_name":"SensoryStone","floor":39,"gold_loss":0},{"damage_healed":0,"gold_gain":0,"player_choice":"Paid","damage_taken":0,"relics_obtained":["Red Mask"],"max_hp_gain":0,"max_hp_loss":0,"event_name":"Tomb of Lord Red Mask","floor":44,"gold_loss":141},{"damage_healed":0,"gold_gain":0,"player_choice":"Fight","damage_taken":0,"max_hp_gain":0,"max_hp_loss":0,"event_name":"Mysterious Sphere","floor":47,"gold_loss":0}],"is_beta":true,"boss_relics":[{"not_picked":["Fusion Hammer","WristBlade"],"picked":"Philosopher\u0027s Stone"},{"not_picked":["Busted Crown","Lizard Tail"],"picked":"Orrery"}],"items_purged_floors":[30],"is_endless":false,"potions_floor_spawned":[2,4,7,14,22,28,41,46,47],"ascension_level":20}