{"gold_per_floor":[119,194,208,173,189,189,219,219,219,248,266,285,285,285,285,359,359,316,316,316,8,27,27,61,61,61,75,106,156,56,56,56,128,128,140,240,240,65,81,112,112,140,140,165,176,176,176,192,192,192,192,192,192,42,74,74],"floor_reached":57,"playtime":3945,"items_purged":["Strike_G","Strike_G","Riddle With Holes+1","Decay"],"score":3368,"play_id":"8f553ad4-34c8-429e-a069-fe70a9199c07","local_time":"20190115124451","is_ascension_mode":true,"campfire_choices":[{"data":"Neutralize","floor":6,"key":"SMITH"},{"floor":8,"key":"REST"},{"floor":13,"key":"REST"},{"data":"Bouncing Flask","floor":15,"key":"SMITH"},{"data":"Noxious Fumes","floor":23,"key":"SMITH"},{"data":"Wraith Form v2","floor":25,"key":"SMITH"},{"data":"Wraith Form v2","floor":32,"key":"SMITH"},{"data":"After Image","floor":41,"key":"SMITH"},{"data":"Well Laid Plans","floor":46,"key":"SMITH"},{"floor":49,"key":"RECALL"},{"data":"Well Laid Plans","floor":53,"key":"SMITH"}],"neow_cost":"NONE","seed_source_timestamp":8644857336853,"circlet_count":0,"master_deck":["AscendersBane","Defend_G","Defend_G","Defend_G","Defend_G","Defend_G","Survivor","Well Laid Plans+1","Dagger Throw","Bouncing Flask+1","Cloak And Dagger+1","Catalyst+1","PiercingWail+1","Malaise+1","Wraith Form v2+1","Escape Plan+1","Calculated Gamble+1","Ghostly+1","Ghostly+1","Ghostly+1","Deadly Poison+1","Noxious Fumes+1","Backflip+1","Catalyst+1","Catalyst+1","Wraith Form v2+1","PiercingWail+1","Night Terror+1","After Image+1","Prepared+1","Predator+1","Backflip+1","Backflip+1","Calculated Gamble+1","Burst+1","Well Laid Plans+1","Acrobatics+1","Backflip+1","Prepared+1"],"relics":["Ring of the Snake","Sundial","Toxic Egg 2","Prayer Wheel","Cursed Key","Bag of Marbles","Juzu Bracelet","Astrolabe","Bird Faced Urn","Blood Vial","Thread and Needle","Dodecahedron","Vajra"],"potions_floor_usage":[10,16],"damage_taken":[{"damage":0,"enemies":"Jaw Worm","floor":1,"turns":6},{"damage":0,"enemies":"2 Louse","floor":3,"turns":4},{"damage":10,"enemies":"Cultist","floor":5,"turns":4},{"damage":49,"enemies":"3 Sentries","floor":7,"turns":17},{"damage":16,"enemies":"Gremlin Nob","floor":10,"turns":4},{"damage":1,"enemies":"2 Fungi Beasts","floor":11,"turns":4},{"damage":15,"enemies":"3 Louse","floor":12,"turns":4},{"damage":0,"enemies":"The Guardian","floor":16,"turns":8},{"damage":29,"enemies":"2 Thieves","floor":18,"turns":5},{"damage":0,"enemies":"Spheric Guardian","floor":22,"turns":3},{"damage":7,"enemies":"Book of Stabbing","floor":24,"turns":6},{"damage":0,"enemies":"Chosen and Byrds","floor":27,"turns":5},{"damage":6,"enemies":"Gremlin Leader","floor":28,"turns":6},{"damage":2,"enemies":"Collector","floor":33,"turns":6},{"damage":0,"enemies":"3 Darklings","floor":35,"turns":7},{"damage":0,"enemies":"Mind Bloom Boss Battle","floor":36,"turns":4},{"damage":0,"enemies":"3 Shapes","floor":39,"turns":5},{"damage":0,"enemies":"Giant Head","floor":40,"turns":4},{"damage":0,"enemies":"Reptomancer","floor":42,"turns":6},{"damage":0,"enemies":"Giant Head","floor":44,"turns":7},{"damage":0,"enemies":"Transient","floor":45,"turns":4},{"damage":0,"enemies":"Writhing Mass","floor":48,"turns":4},{"damage":0,"enemies":"Awakened One","floor":50,"turns":7},{"damage":0,"enemies":"Time Eater","floor":51,"turns":7},{"damage":0,"enemies":"Shield and Spear","floor":55,"turns":8},{"damage":0,"enemies":"The Heart","floor":56,"turns":8}],"seed_played":"-1795759554342989912","potions_obtained":[{"floor":1,"key":"Ancient Potion"},{"floor":5,"key":"Poison Potion"},{"floor":11,"key":"Poison Potion"},{"floor":55,"key":"LiquidBronze"}],"is_trial":false,"path_per_floor":["M","?","M","?","M","R","E","R","T","E","M","M","R","?","R","B",null,"M","?","?","$","M","R","E","R","T","M","E","?","$","?","R","B",null,"M","?","?","$","M","E","R","E","T","E","M","R","?","M","R","B","B",null,"R","$","E","B",null],"character_chosen":"THE_SILENT","items_purchased":["Noxious Fumes","Backflip+1","Catalyst+1","Block Potion","Backflip+1"],"campfire_rested":2,"item_purchase_floors":[21,21,21,21,38],"current_hp_per_floor":[65,54,54,72,62,62,13,34,34,18,17,2,23,23,23,23,60,31,31,31,31,31,31,24,24,24,24,18,18,18,18,18,16,31,31,31,31,31,36,36,36,36,36,36,36,36,36,36,36,36,36,36,36,36,36,36],"gold":74,"neow_bonus":"TEN_PERCENT_HP_BONUS","is_prod":false,"is_daily":false,"chose_seed":false,"campfire_upgraded":8,"win_rate":0,"timestamp":1547585091,"path_taken":["M","?","M","?","M","R","E","R","T","E","M","M","R","?","R","BOSS","M","?","?","$","M","R","E","R","T","M","E","?","$","?","R","BOSS","M","?","?","$","M","E","R","E","T","E","M","R","?","M","R","BOSS","BOSS","R","$","E","BOSS"],"build_version":"2019-01-14v2","purchased_purges":4,"victory":true,"max_hp_per_floor":[72,72,72,72,72,72,72,72,72,72,72,72,72,72,72,72,72,72,36,36,36,36,36,36,36,36,36,36,36,36,36,36,36,36,36,36,36,36,36,36,36,36,36,36,36,36,36,36,36,36,36,36,36,36,36,36],"card_choices":[{"not_picked":["Poisoned Stab","Cloak And Dagger"],"picked":"Well Laid Plans","floor":1},{"not_picked":["Reflex","Well Laid Plans"],"picked":"Flying Knee","floor":3},{"not_picked":["Sucker Punch","Backflip"],"picked":"Dagger Throw","floor":5},{"not_picked":["Underhanded Strike","Flechettes"],"picked":"Bouncing Flask","floor":7},{"not_picked":["Flying Knee","Finisher"],"picked":"Cloak And Dagger+1","floor":10},{"not_picked":["Finisher","Deflect+1"],"picked":"Catalyst+1","floor":11},{"not_picked":["Quick Slash","Terror+1","Distraction+1"],"picked":"SKIP","floor":11},{"not_picked":["Quick Slash","Terror+1","Distraction+1"],"picked":"SKIP","floor":11},{"not_picked":["Dodge and Roll+1","Blade Dance+1"],"picked":"PiercingWail+1","floor":12},{"not_picked":["Backflip+1","Deflect+1"],"picked":"Malaise+1","floor":12},{"not_picked":["Unload","Doppelganger+1"],"picked":"Wraith Form v2","floor":16},{"not_picked":["Dagger Throw","Dagger Spray"],"picked":"Escape Plan+1","floor":18},{"not_picked":["Tactician+1","All Out Attack"],"picked":"Calculated Gamble+1","floor":18},{"not_picked":["Terror+1","Blur+1","Riddle With Holes"],"picked":"SKIP","floor":22},{"not_picked":["Quick Slash","Blur+1","Catalyst+1"],"picked":"SKIP","floor":22},{"not_picked":["Quick Slash","Blur+1"],"picked":"Catalyst+1","floor":22},{"not_picked":["Terror+1","Blur+1","Riddle With Holes"],"picked":"SKIP","floor":22},{"not_picked":["Dodge and Roll+1","Accuracy","Bane"],"picked":"SKIP","floor":24},{"not_picked":["Concentrate+1","Slice"],"picked":"Wraith Form v2","floor":27},{"not_picked":["All Out Attack","Dodge and Roll+1"],"picked":"PiercingWail+1","floor":27},{"not_picked":["Escape Plan+1","Dodge and Roll+1"],"picked":"Night Terror+1","floor":28},{"not_picked":["Grand Finale","A Thousand Cuts"],"picked":"After Image","floor":33},{"not_picked":["Heel Hook","Bane","Bouncing Flask+1"],"picked":"SKIP","floor":35},{"not_picked":["Terror+1","Dash","Blade Dance+1"],"picked":"SKIP","floor":35},{"not_picked":["Noxious Fumes","Underhanded Strike+1"],"picked":"Backflip+1","floor":39},{"not_picked":["Sucker Punch","Underhanded Strike"],"picked":"Calculated Gamble+1","floor":39},{"not_picked":["Flying Knee","Deflect+1","Flechettes"],"picked":"SKIP","floor":40},{"not_picked":["Heel Hook","Prepared+1"],"picked":"Burst+1","floor":42},{"not_picked":["Outmaneuver+1","Infinite Blades","Cloak And Dagger+1"],"picked":"SKIP","floor":44},{"not_picked":["PiercingWail+1","Slice"],"picked":"Well Laid Plans","floor":45},{"not_picked":["Deadly Poison+1","Reflex+1"],"picked":"Acrobatics+1","floor":45},{"not_picked":["Deflect+1","Leg Sweep+1"],"picked":"Backflip+1","floor":48},{"not_picked":["Blade Dance+1","Accuracy"],"picked":"Prepared+1","floor":48},{"not_picked":["Concentrate+1","Expertise+1","Underhanded Strike+1"],"picked":"SKIP","floor":55}],"player_experience":4345850,"relics_obtained":[{"floor":7,"key":"Sundial"},{"floor":9,"key":"Toxic Egg 2"},{"floor":10,"key":"Prayer Wheel"},{"floor":24,"key":"Bag of Marbles"},{"floor":28,"key":"Juzu Bracelet"},{"floor":36,"key":"Bird Faced Urn"},{"floor":40,"key":"Blood Vial"},{"floor":42,"key":"Thread and Needle"},{"floor":44,"key":"Dodecahedron"},{"floor":55,"key":"Vajra"}],"event_choices":[{"damage_healed":0,"gold_gain":75,"player_choice":"Gather Gold","damage_taken":11,"max_hp_gain":0,"max_hp_loss":0,"event_name":"World of Goop","floor":2,"gold_loss":0},{"damage_healed":18,"gold_gain":0,"player_choice":"Healed","damage_taken":0,"max_hp_gain":0,"max_hp_loss":0,"event_name":"The Cleric","floor":4,"gold_loss":35},{"damage_healed":0,"gold_gain":0,"player_choice":"Leave","damage_taken":0,"max_hp_gain":0,"max_hp_loss":0,"event_name":"FaceTrader","floor":14,"gold_loss":0},{"damage_healed":0,"gold_gain":0,"player_choice":"Became a Ghost","damage_taken":0,"max_hp_gain":0,"max_hp_loss":36,"event_name":"Ghosts","floor":19,"gold_loss":0,"cards_obtained":["Ghostly","Ghostly","Ghostly"]},{"damage_healed":0,"gold_gain":0,"player_choice":"Read","damage_taken":0,"max_hp_gain":0,"max_hp_loss":0,"event_name":"The Library","floor":20,"gold_loss":0,"cards_obtained":["Deadly Poison"]},{"damage_healed":0,"gold_gain":50,"player_choice":"Stole From Cult","damage_taken":0,"max_hp_gain":0,"max_hp_loss":0,"event_name":"Nest","floor":29,"gold_loss":0},{"cards_removed":["Strike_G"],"damage_healed":0,"gold_gain":0,"player_choice":"Elegance","damage_taken":0,"max_hp_gain":0,"max_hp_loss":0,"event_name":"Back to Basics","floor":31,"gold_loss":0},{"damage_healed":0,"gold_gain":0,"player_choice":"Fight","damage_taken":0,"max_hp_gain":0,"max_hp_loss":0,"event_name":"MindBloom","floor":36,"gold_loss":0},{"damage_healed":0,"gold_gain":0,"player_choice":"Ignored","damage_taken":0,"max_hp_gain":0,"max_hp_loss":0,"event_name":"Tomb of Lord Red Mask","floor":37,"gold_loss":0},{"cards_removed":["Neutralize"],"damage_healed":0,"gold_gain":0,"player_choice":"Removed Attack","damage_taken":0,"max_hp_gain":0,"max_hp_loss":0,"event_name":"Falling","floor":47,"gold_loss":0}],"is_beta":true,"boss_relics":[{"not_picked":["Philosopher\u0027s Stone","Eternal Feather"],"picked":"Cursed Key"},{"not_picked":["Runic Dome","Calling Bell"],"picked":"Astrolabe"}],"items_purged_floors":[21,30,38,54],"is_endless":false,"potions_floor_spawned":[1,5,11,24,28,33,36,42,44,48,55],"ascension_level":20}