{"gold_per_floor":[109,139,139,139,156,156,176,176,200,226,255,274,274,305,305,379,379,390,390,155,173,173,173,88,98,98,127,127,127,159,179,179,250,250,265,365,382,398,398,398,423,438,463,493,56,72,99,0,0,0,0,0,0,0,31,31],"floor_reached":57,"playtime":4209,"items_purged":["Strike_G","Strike_G"],"score":3197,"play_id":"f2e1e133-effa-4c4f-b073-6b7d78fa0d08","local_time":"20190119152917","is_ascension_mode":true,"campfire_choices":[{"data":"Flying Knee","floor":6,"key":"SMITH"},{"data":"Poisoned Stab","floor":8,"key":"SMITH"},{"data":"Bouncing Flask","floor":13,"key":"SMITH"},{"data":"Neutralize","floor":15,"key":"SMITH"},{"data":"Noxious Fumes","floor":23,"key":"SMITH"},{"floor":28,"key":"REST"},{"floor":32,"key":"REST"},{"data":"Wraith Form v2","floor":40,"key":"SMITH"},{"floor":49,"key":"RECALL"},{"data":"Wraith Form v2","floor":53,"key":"SMITH"}],"neow_cost":"NONE","seed_source_timestamp":115311345999127,"circlet_count":0,"master_deck":["AscendersBane","Defend_G","Defend_G","Defend_G","Defend_G","Defend_G","Strike_G","Survivor","Neutralize+1","Flying Knee+1","Well Laid Plans","Poisoned Stab+1","Bouncing Flask+1","Acrobatics","Backflip","Dodge and Roll","Dagger Spray","Noxious Fumes+1","Leg Sweep","Backflip","Footwork","Well Laid Plans","PiercingWail","Dodge and Roll","Deflect","Wraith Form v2+1","Dodge and Roll+1","Wraith Form v2+1","Corpse Explosion","After Image","Backflip","Noxious Fumes","Wraith Form v2"],"relics":["Ring of the Snake","Tiny Chest","Pear","Snake Skull","Boot","PreservedInsect","Juzu Bracelet","Black Star","Smiling Mask","Ginger","Oddly Smooth Stone","Blood Vial","Ancient Tea Set","Centennial Puzzle","Velvet Choker","Incense Burner","Bronze Scales","Bag of Preparation","Bird Faced Urn","Tingsha","OrangePellets","Thread and Needle","Molten Egg 2","Red Mask","Art of War"],"potions_floor_usage":[11,18,25,27,27,33,56],"damage_taken":[{"damage":1,"enemies":"Cultist","floor":1,"turns":4},{"damage":0,"enemies":"Small Slimes","floor":5,"turns":4},{"damage":0,"enemies":"2 Louse","floor":7,"turns":3},{"damage":12,"enemies":"3 Sentries","floor":11,"turns":9},{"damage":1,"enemies":"Looter","floor":12,"turns":4},{"damage":0,"enemies":"Lagavulin","floor":14,"turns":5},{"damage":5,"enemies":"The Guardian","floor":16,"turns":8},{"damage":10,"enemies":"2 Thieves","floor":18,"turns":4},{"damage":0,"enemies":"Chosen","floor":21,"turns":4},{"damage":28,"enemies":"Shelled Parasite and Fungi","floor":25,"turns":6},{"damage":0,"enemies":"Book of Stabbing","floor":27,"turns":5},{"damage":39,"enemies":"Slavers","floor":30,"turns":8},{"damage":5,"enemies":"Snake Plant","floor":31,"turns":3},{"damage":53,"enemies":"Collector","floor":33,"turns":10},{"damage":3,"enemies":"3 Shapes","floor":35,"turns":5},{"damage":3,"enemies":"Mind Bloom Boss Battle","floor":36,"turns":8},{"damage":0,"enemies":"Orb Walker","floor":37,"turns":5},{"damage":18,"enemies":"Jaw Worm Horde","floor":38,"turns":7},{"damage":1,"enemies":"Nemesis","floor":41,"turns":9},{"damage":0,"enemies":"Transient","floor":42,"turns":6},{"damage":19,"enemies":"Reptomancer","floor":44,"turns":8},{"damage":0,"enemies":"Maw","floor":46,"turns":9},{"damage":0,"enemies":"Nemesis","floor":47,"turns":7},{"damage":4,"enemies":"Time Eater","floor":50,"turns":14},{"damage":0,"enemies":"Donu and Deca","floor":51,"turns":8},{"damage":0,"enemies":"Shield and Spear","floor":55,"turns":6},{"damage":0,"enemies":"The Heart","floor":56,"turns":13}],"seed_played":"6531599782080859044","potions_obtained":[{"floor":1,"key":"GhostInAJar"},{"floor":5,"key":"Dexterity Potion"},{"floor":14,"key":"Poison Potion"},{"floor":18,"key":"EssenceOfSteel"},{"floor":25,"key":"Dexterity Potion"},{"floor":31,"key":"Block Potion"},{"floor":33,"key":"Strength Potion"},{"floor":38,"key":"Swift Potion"},{"floor":46,"key":"GhostInAJar"}],"is_trial":false,"path_per_floor":["M","?","?","T","M","R","M","R","T","T","E","M","R","E","R","B",null,"M","?","$","M","?","R","?","M","T","E","R","?","E","M","R","B",null,"M","?","M","M","?","R","E","M","T","E","$","M","E","?","R","B","B",null,"R","$","E","B",null],"character_chosen":"THE_SILENT","items_purchased":["Noxious Fumes","Leg Sweep","GhostInAJar","OrangePellets","Noxious Fumes"],"campfire_rested":2,"item_purchase_floors":[20,20,45,45,45],"current_hp_per_floor":[64,59,64,74,74,74,74,74,74,74,62,61,61,61,61,56,79,69,69,69,69,69,69,69,41,41,41,67,67,30,27,53,2,66,65,64,66,50,50,50,51,53,53,36,36,52,72,72,72,83,87,87,87,87,87,87],"gold":31,"neow_bonus":"TEN_PERCENT_HP_BONUS","is_prod":false,"is_daily":false,"chose_seed":false,"campfire_upgraded":7,"win_rate":0,"timestamp":1547940557,"path_taken":["M","?","?","?","M","R","M","R","T","?","E","?","R","E","R","BOSS","M","?","$","M","?","R","?","M","T","E","R","?","E","M","R","BOSS","M","?","M","M","?","R","E","M","T","E","$","M","E","?","R","BOSS","BOSS","R","$","E","BOSS"],"build_version":"2019-01-17","purchased_purges":2,"victory":true,"max_hp_per_floor":[72,72,77,87,87,87,87,87,87,87,87,87,87,87,87,87,87,87,87,87,87,87,87,87,87,87,87,87,87,87,87,87,87,87,87,87,87,87,87,87,87,87,87,87,87,87,87,87,87,87,87,87,87,87,87,87],"card_choices":[{"not_picked":["Calculated Gamble","Blade Dance"],"picked":"Flying Knee","floor":1},{"not_picked":["Endless Agony","Leg Sweep"],"picked":"Well Laid Plans","floor":5},{"not_picked":["Dagger Throw","Blade Dance"],"picked":"Poisoned Stab","floor":7},{"not_picked":["Choke","Acrobatics"],"picked":"Bouncing Flask","floor":11},{"not_picked":["Flying Knee","Poisoned Stab","Endless Agony"],"picked":"SKIP","floor":12},{"not_picked":["Concentrate","Underhanded Strike"],"picked":"Acrobatics","floor":14},{"not_picked":["Slice","Heel Hook"],"picked":"Backflip","floor":18},{"not_picked":["Underhanded Strike","Blade Dance"],"picked":"Backflip","floor":21},{"not_picked":["Cloak And Dagger","Riddle With Holes"],"picked":"Footwork","floor":25},{"not_picked":["Poisoned Stab","Finisher"],"picked":"Well Laid Plans","floor":27},{"not_picked":["Slice","Deadly Poison"],"picked":"Dodge and Roll","floor":30},{"not_picked":["Infinite Blades","Bane"],"picked":"Deflect","floor":31},{"not_picked":["Grand Finale","Doppelganger"],"picked":"Wraith Form v2","floor":33},{"not_picked":["Deflect","Poisoned Stab","Cloak And Dagger"],"picked":"SKIP","floor":35},{"not_picked":["Outmaneuver","Quick Slash"],"picked":"Dodge and Roll+1","floor":37},{"not_picked":["Deflect","Deadly Poison"],"picked":"Wraith Form v2","floor":38},{"not_picked":["Riddle With Holes+1","Storm of Steel"],"picked":"After Image","floor":41},{"not_picked":["Underhanded Strike+1","Sucker Punch","Dagger Throw"],"picked":"SKIP","floor":42},{"not_picked":["Outmaneuver","Dagger Spray"],"picked":"Backflip","floor":44},{"not_picked":["Distraction","Quick Slash"],"picked":"Wraith Form v2","floor":46},{"not_picked":["Deflect+1","Prepared","Bane"],"picked":"SKIP","floor":47},{"not_picked":["Cloak And Dagger","Quick Slash+1","Accuracy"],"picked":"SKIP","floor":55}],"player_experience":4431259,"relics_obtained":[{"floor":4,"key":"Pear"},{"floor":9,"key":"Snake Skull"},{"floor":10,"key":"Boot"},{"floor":11,"key":"PreservedInsect"},{"floor":14,"key":"Juzu Bracelet"},{"floor":26,"key":"Ginger"},{"floor":27,"key":"Oddly Smooth Stone"},{"floor":27,"key":"Blood Vial"},{"floor":30,"key":"Ancient Tea Set"},{"floor":30,"key":"Centennial Puzzle"},{"floor":36,"key":"Incense Burner"},{"floor":41,"key":"Bronze Scales"},{"floor":41,"key":"Bag of Preparation"},{"floor":44,"key":"Bird Faced Urn"},{"floor":44,"key":"Tingsha"},{"floor":47,"key":"Thread and Needle"},{"floor":47,"key":"Molten Egg 2"},{"floor":55,"key":"Art of War"}],"event_choices":[{"damage_healed":0,"gold_gain":0,"player_choice":"Success","damage_taken":5,"relics_obtained":["Tiny Chest"],"max_hp_gain":0,"max_hp_loss":0,"event_name":"Scrap Ooze","floor":2,"gold_loss":0},{"damage_healed":0,"gold_gain":0,"player_choice":"Donut","damage_taken":0,"max_hp_gain":5,"max_hp_loss":0,"event_name":"Big Fish","floor":3,"gold_loss":0},{"damage_healed":0,"gold_gain":0,"cards_transformed":["Strike_G","Strike_G"],"player_choice":"Became Test Subject","damage_taken":0,"max_hp_gain":0,"max_hp_loss":0,"event_name":"Drug Dealer","floor":19,"gold_loss":0,"cards_obtained":["Dodge and Roll","Dagger Spray"]},{"damage_healed":0,"gold_gain":0,"player_choice":"Ignored","damage_taken":0,"max_hp_gain":0,"max_hp_loss":0,"event_name":"Vampires","floor":22,"gold_loss":0},{"damage_healed":0,"gold_gain":0,"player_choice":"Obtained Relic","damage_taken":0,"relics_obtained":["Smiling Mask"],"max_hp_gain":0,"max_hp_loss":0,"event_name":"Addict","floor":24,"gold_loss":85},{"damage_healed":0,"gold_gain":0,"player_choice":"Read","damage_taken":0,"max_hp_gain":0,"max_hp_loss":0,"event_name":"The Library","floor":29,"gold_loss":0,"cards_obtained":["PiercingWail"]},{"damage_healed":0,"gold_gain":0,"player_choice":"Fight","damage_taken":0,"max_hp_gain":0,"max_hp_loss":0,"event_name":"MindBloom","floor":36,"gold_loss":0},{"damage_healed":0,"gold_gain":0,"player_choice":"1 cards matched","damage_taken":0,"max_hp_gain":0,"max_hp_loss":0,"event_name":"Match and Keep!","floor":39,"gold_loss":0,"cards_obtained":["Corpse Explosion"]},{"damage_healed":0,"gold_gain":0,"player_choice":"Paid","damage_taken":0,"relics_obtained":["Red Mask"],"max_hp_gain":0,"max_hp_loss":0,"event_name":"Tomb of Lord Red Mask","floor":48,"gold_loss":99}],"is_beta":true,"boss_relics":[{"not_picked":["Calling Bell","HoveringKite"],"picked":"Black Star"},{"not_picked":["WristBlade","Runic Dome"],"picked":"Velvet Choker"}],"items_purged_floors":[20,45],"is_endless":false,"potions_floor_spawned":[1,5,14,18,25,31,33,38,46,47],"ascension_level":20}