{"gold_per_floor":[118,118,218,231,242,242,253,253,280,314,333,365,385,418,418,490,490,509,524,524,121,138,172,172,186,186,9,9,9,26,46,46,46],"floor_reached":33,"playtime":2700,"items_purged":["Strike_R"],"score":603,"play_id":"5f2b4d1e-9ee9-4e34-89df-4b449ca31672","local_time":"20190119125002","is_ascension_mode":true,"campfire_choices":[{"data":"Uppercut","floor":6,"key":"SMITH"},{"data":"Reckless Charge","floor":8,"key":"SMITH"},{"floor":15,"key":"REST"},{"data":"Inflame","floor":24,"key":"SMITH"},{"floor":28,"key":"REST"},{"floor":32,"key":"REST"}],"neow_cost":"NONE","seed_source_timestamp":107291388060174,"circlet_count":0,"master_deck":["AscendersBane","Strike_R","Strike_R","Strike_R","Strike_R","Defend_R","Defend_R","Defend_R","Defend_R","Bash+1","Reckless Charge+1","Uppercut+1","Shrug It Off","Brutality","Combust","Inflame+1","Iron Wave","Immolate","Shrug It Off","Immolate","Shrug It Off","Metallicize","Disarm","Heavy Blade","Flame Barrier","Shrug It Off","Dropkick"],"relics":["Burning Blood","Anchor","Vajra","Dream Catcher","Mummified Hand","Sozu","Bronze Scales","Boot","Blood Vial"],"potions_floor_usage":[4,10,12,14],"damage_taken":[{"damage":2,"enemies":"Cultist","floor":1,"turns":4},{"damage":3,"enemies":"2 Louse","floor":4,"turns":2},{"damage":12,"enemies":"Small Slimes","floor":5,"turns":2},{"damage":9,"enemies":"Looter","floor":7,"turns":4},{"damage":21,"enemies":"Gremlin Nob","floor":10,"turns":4},{"damage":13,"enemies":"Exordium Thugs","floor":11,"turns":5},{"damage":12,"enemies":"3 Sentries","floor":12,"turns":10},{"damage":5,"enemies":"3 Louse","floor":13,"turns":3},{"damage":26,"enemies":"Lagavulin","floor":14,"turns":7},{"damage":37,"enemies":"The Guardian","floor":16,"turns":9},{"damage":3,"enemies":"3 Byrds","floor":18,"turns":4},{"damage":8,"enemies":"2 Thieves","floor":19,"turns":3},{"damage":4,"enemies":"Centurion and Healer","floor":22,"turns":5},{"damage":34,"enemies":"Slavers","floor":23,"turns":4},{"damage":12,"enemies":"Snake Plant","floor":25,"turns":3},{"damage":8,"enemies":"Shelled Parasite and Fungi","floor":30,"turns":3},{"damage":11,"enemies":"Centurion and Healer","floor":31,"turns":4},{"damage":79,"enemies":"Champ","floor":33,"turns":13}],"seed_played":"678853734471895349","potions_obtained":[{"floor":0,"key":"PowerPotion"},{"floor":0,"key":"Explosive Potion"},{"floor":4,"key":"Poison Potion"},{"floor":11,"key":"SkillPotion"}],"is_trial":false,"path_per_floor":["M","?","?","M","M","R","M","R","T","E","M","E","M","E","R","B",null,"M","M","?","$","M","E","R","M","T","$","R","$","M","M","R","B"],"character_chosen":"IRONCLAD","items_purchased":["Bronze Scales","Immolate","Metallicize","Disarm","Heavy Blade"],"campfire_rested":3,"item_purchase_floors":[21,21,27,27,27],"current_hp_per_floor":[72,72,72,75,69,69,66,66,66,51,44,38,39,19,41,10,59,62,60,60,60,62,34,34,28,28,28,50,50,50,47,69,0],"gold":46,"neow_bonus":"THREE_SMALL_POTIONS","is_prod":false,"is_daily":false,"chose_seed":false,"campfire_upgraded":3,"win_rate":0,"timestamp":1547931002,"path_taken":["M","?","?","M","M","R","?","R","T","E","M","E","M","E","R","BOSS","M","M","?","$","M","E","R","M","T","$","R","?","M","M","R","BOSS"],"build_version":"2019-01-17","purchased_purges":1,"victory":false,"max_hp_per_floor":[75,75,75,75,75,75,75,75,75,75,75,75,75,75,75,75,75,75,75,75,75,75,75,75,75,75,75,75,75,75,75,75,75],"card_choices":[{"not_picked":["True Grit","Twin Strike"],"picked":"Reckless Charge","floor":1},{"not_picked":["Headbutt","Burning Pact"],"picked":"Uppercut","floor":4},{"not_picked":["Dual Wield","Iron Wave"],"picked":"Shrug It Off","floor":5},{"not_picked":["Second Wind","Havoc","Perfected Strike"],"picked":"SKIP","floor":7},{"not_picked":["Headbutt","Armaments"],"picked":"Brutality","floor":10},{"not_picked":["Perfected Strike","Fire Breathing"],"picked":"Combust","floor":11},{"not_picked":["Havoc","Sever Soul","Burning Pact"],"picked":"SKIP","floor":12},{"not_picked":["Second Wind","Clash","Havoc"],"picked":"SKIP","floor":13},{"not_picked":["Clash","Double Tap"],"picked":"Inflame","floor":14},{"not_picked":["Pommel Strike","Sever Soul"],"picked":"Iron Wave","floor":15},{"not_picked":["Barricade","Double Tap"],"picked":"Immolate","floor":16},{"not_picked":["Heavy Blade","Wild Strike"],"picked":"Shrug It Off","floor":18},{"not_picked":["Body Slam","Havoc","Flex"],"picked":"SKIP","floor":19},{"not_picked":["Cleave","Bloodletting","Thunderclap"],"picked":"SKIP","floor":22},{"not_picked":["Sword Boomerang","Combust"],"picked":"Shrug It Off","floor":23},{"not_picked":["Whirlwind","Thunderclap","Combust"],"picked":"SKIP","floor":25},{"not_picked":["Wild Strike","Sword Boomerang"],"picked":"Flame Barrier","floor":28},{"not_picked":["Sever Soul","Flex","Anger"],"picked":"SKIP","floor":30},{"not_picked":["Feed","Entrench"],"picked":"Shrug It Off","floor":31},{"not_picked":["Heavy Blade","Carnage"],"picked":"Dropkick","floor":32}],"player_experience":4423486,"relics_obtained":[{"floor":9,"key":"Anchor"},{"floor":10,"key":"Vajra"},{"floor":12,"key":"Dream Catcher"},{"floor":14,"key":"Mummified Hand"},{"floor":23,"key":"Boot"},{"floor":26,"key":"Blood Vial"}],"event_choices":[{"damage_healed":0,"gold_gain":0,"player_choice":"Grow","damage_taken":0,"max_hp_gain":0,"max_hp_loss":0,"event_name":"Living Wall","floor":2,"gold_loss":0,"cards_upgraded":["Bash"]},{"damage_healed":0,"gold_gain":100,"player_choice":"Gold","damage_taken":0,"max_hp_gain":0,"max_hp_loss":0,"event_name":"Wheel of Change","floor":3,"gold_loss":0},{"damage_healed":0,"gold_gain":0,"player_choice":"0 cards matched","damage_taken":0,"max_hp_gain":0,"max_hp_loss":0,"event_name":"Match and Keep!","floor":20,"gold_loss":0,"cards_obtained":[]}],"is_beta":true,"boss_relics":[{"not_picked":["Eternal Feather","Tiny House"],"picked":"Sozu"}],"items_purged_floors":[21],"is_endless":false,"potions_floor_spawned":[4,7,11,18,23,31],"killed_by":"Champ","ascension_level":20}