{"gold_per_floor":[113,113,113,132,144,170,170,182,206,232,232,260,57,70,70,142,142,160,176,176,187,202,229,229,262,262,291,305,305,316,335,335,412,412,423,439,490,490,504,504,521,553,577,588,619,296,296,307,307,307,307,307,307,66,96,96],"floor_reached":57,"playtime":6250,"items_purged":["Strike_G","Decay"],"score":3042,"play_id":"0fe41590-6550-4402-8de5-a8c7daba2afd","local_time":"20190116170604","is_ascension_mode":true,"campfire_choices":[{"data":"Quick Slash","floor":7,"key":"SMITH"},{"data":"Bouncing Flask","floor":11,"key":"SMITH"},{"floor":15,"key":"REST"},{"data":"Crippling Poison","floor":24,"key":"SMITH"},{"floor":29,"key":"REST"},{"data":"Catalyst","floor":32,"key":"SMITH"},{"data":"Footwork","floor":40,"key":"SMITH"},{"floor":49,"key":"RECALL"},{"data":"After Image","floor":53,"key":"SMITH"}],"neow_cost":"NONE","seed_source_timestamp":108481698594071,"circlet_count":0,"master_deck":["AscendersBane","Defend_G","Defend_G","Defend_G","Defend_G","Defend_G","Survivor","Neutralize","Quick Slash+1","Heel Hook","Backflip","Footwork+1","Dodge and Roll","Bouncing Flask+1","Blur","Well Laid Plans","Backflip","PiercingWail","Corpse Explosion","Crippling Poison+1","Prepared+1","Well Laid Plans","Acrobatics","Prepared+1","Catalyst+1","Adrenaline","Deadly Poison","Burst","Envenom+1","Burst+1","Escape Plan+1","Dodge and Roll+1","Distraction","After Image+1","PiercingWail","Backflip+1","Deflect+1","Dodge and Roll+1","Noxious Fumes","Leg Sweep","Noxious Fumes","Dodge and Roll","Footwork","Catalyst"],"relics":["Ring of the Snake","NeowsBlessing","Potion Belt","Centennial Puzzle","Pen Nib","Prayer Wheel","Cursed Key","Boot","Pear","Bag of Preparation","Astrolabe","Pocketwatch","Snake Skull","Pantograph","Blood Vial"],"potions_floor_usage":[6,6,10,23,25,25,27,33,41,41,50,55,55,55,55,55,55,56,56],"damage_taken":[{"damage":0,"enemies":"2 Louse","floor":1,"turns":1},{"damage":0,"enemies":"Cultist","floor":4,"turns":1},{"damage":0,"enemies":"Small Slimes","floor":5,"turns":1},{"damage":7,"enemies":"3 Sentries","floor":6,"turns":10},{"damage":0,"enemies":"3 Louse","floor":8,"turns":3},{"damage":6,"enemies":"Lagavulin","floor":10,"turns":9},{"damage":29,"enemies":"Gremlin Nob","floor":12,"turns":4},{"damage":0,"enemies":"Exordium Thugs","floor":14,"turns":3},{"damage":0,"enemies":"The Guardian","floor":16,"turns":9},{"damage":0,"enemies":"Chosen","floor":18,"turns":4},{"damage":0,"enemies":"Shell Parasite","floor":19,"turns":8},{"damage":6,"enemies":"Centurion and Healer","floor":21,"turns":5},{"damage":5,"enemies":"Snake Plant","floor":22,"turns":5},{"damage":3,"enemies":"Slavers","floor":23,"turns":5},{"damage":26,"enemies":"Book of Stabbing","floor":25,"turns":6},{"damage":8,"enemies":"Slavers","floor":27,"turns":3},{"damage":2,"enemies":"Cultist and Chosen","floor":28,"turns":4},{"damage":0,"enemies":"Snecko","floor":30,"turns":3},{"damage":4,"enemies":"3 Cultists","floor":31,"turns":3},{"damage":15,"enemies":"Automaton","floor":33,"turns":9},{"damage":0,"enemies":"3 Darklings","floor":35,"turns":2},{"damage":0,"enemies":"3 Shapes","floor":36,"turns":3},{"damage":15,"enemies":"2 Orb Walkers","floor":37,"turns":2},{"damage":4,"enemies":"Sphere and 2 Shapes","floor":39,"turns":3},{"damage":9,"enemies":"Spire Growth","floor":41,"turns":4},{"damage":5,"enemies":"Nemesis","floor":42,"turns":9},{"damage":22,"enemies":"Jaw Worm Horde","floor":44,"turns":3},{"damage":0,"enemies":"Giant Head","floor":45,"turns":6},{"damage":0,"enemies":"4 Shapes","floor":48,"turns":4},{"damage":27,"enemies":"Awakened One","floor":50,"turns":15},{"damage":0,"enemies":"Time Eater","floor":51,"turns":9},{"damage":15,"enemies":"Shield and Spear","floor":55,"turns":8},{"damage":58,"enemies":"The Heart","floor":56,"turns":8}],"seed_played":"-5750055286158669270","potions_obtained":[{"floor":4,"key":"GhostInAJar"},{"floor":5,"key":"Poison Potion"},{"floor":6,"key":"Fire Potion"},{"floor":12,"key":"EssenceOfSteel"},{"floor":18,"key":"SkillPotion"},{"floor":22,"key":"Swift Potion"},{"floor":23,"key":"PowerPotion"},{"floor":25,"key":"Explosive Potion"},{"floor":30,"key":"GamblersBrew"},{"floor":36,"key":"SkillPotion"},{"floor":37,"key":"LiquidBronze"},{"floor":39,"key":"Energy Potion"},{"floor":48,"key":"Block Potion"},{"floor":55,"key":"SkillPotion"}],"is_trial":false,"path_per_floor":["M","?","?","M","M","E","R","M","T","E","R","E","$","M","R","B",null,"M","M","?","M","M","E","R","E","T","E","M","R","M","M","R","B",null,"M","M","?","?","M","R","M","E","T","M","E","$","?","M","R","B","B",null,"R","$","E","B",null],"character_chosen":"THE_SILENT","items_purchased":["Well Laid Plans","Backflip","PowerPotion","Dexterity Potion","Noxious Fumes","Dodge and Roll","EntropicBrew","Footwork","Catalyst"],"campfire_rested":2,"item_purchase_floors":[13,13,46,46,46,46,54,54,54],"current_hp_per_floor":[59,52,52,52,52,45,45,45,45,39,39,10,10,10,29,29,57,57,57,57,51,46,43,43,27,27,19,17,39,39,35,35,20,62,62,62,47,47,43,43,34,29,29,7,7,7,7,7,7,5,30,62,62,62,47,14],"gold":96,"neow_bonus":"THREE_ENEMY_KILL","is_prod":false,"is_daily":false,"chose_seed":false,"campfire_upgraded":6,"win_rate":0,"timestamp":1547687164,"path_taken":["M","?","?","M","?","E","R","M","T","E","R","E","?","M","R","BOSS","M","M","?","M","M","E","R","E","T","E","M","R","M","M","R","BOSS","M","M","?","?","M","R","M","E","T","?","E","$","?","M","R","BOSS","BOSS","R","$","E","BOSS"],"build_version":"2019-01-14v2","purchased_purges":2,"victory":true,"max_hp_per_floor":[66,66,66,66,66,66,66,66,66,66,66,66,66,66,66,66,66,66,66,66,66,66,66,66,76,76,76,76,76,76,76,76,76,76,76,76,76,76,76,76,76,76,76,76,76,76,72,72,72,72,72,72,72,72,72,72],"card_choices":[{"not_picked":["Dagger Spray","PiercingWail"],"picked":"Quick Slash","floor":1},{"not_picked":["Underhanded Strike","Bullet Time"],"picked":"Backflip","floor":4},{"not_picked":["Expertise","Cloak And Dagger"],"picked":"Masterful Stab","floor":5},{"not_picked":["Masterful Stab","Leg Sweep"],"picked":"Footwork","floor":6},{"not_picked":["Reflex","Concentrate"],"picked":"Dodge and Roll","floor":8},{"not_picked":["Tactician","Bane"],"picked":"Bouncing Flask","floor":10},{"not_picked":["Underhanded Strike","Unload"],"picked":"Blur","floor":12},{"not_picked":["Poisoned Stab","Escape Plan"],"picked":"PiercingWail","floor":14},{"not_picked":["Slice","All Out Attack","Poisoned Stab"],"picked":"SKIP","floor":14},{"not_picked":["Bullet Time","Envenom"],"picked":"Corpse Explosion","floor":16},{"not_picked":["Slice","Bouncing Flask+1"],"picked":"Crippling Poison","floor":18},{"not_picked":["Reflex+1","Blur","Flying Knee"],"picked":"SKIP","floor":18},{"not_picked":["Cloak And Dagger","Underhanded Strike"],"picked":"Backstab","floor":19},{"not_picked":["Blur","Dagger Spray","Predator"],"picked":"SKIP","floor":19},{"not_picked":["Slice","Dagger Spray+1"],"picked":"Prepared+1","floor":21},{"not_picked":["Dagger Throw","Underhanded Strike","Deflect"],"picked":"SKIP","floor":21},{"not_picked":["Bane","Dagger Spray"],"picked":"Well Laid Plans","floor":22},{"not_picked":["Deflect","Skewer"],"picked":"Acrobatics","floor":22},{"not_picked":["Accuracy","Venomology"],"picked":"Prepared+1","floor":23},{"not_picked":["Slice","Expertise+1"],"picked":"Catalyst","floor":25},{"not_picked":["Bane+1","Masterful Stab","Endless Agony"],"picked":"SKIP","floor":27},{"not_picked":["Acrobatics","Terror","Deflect"],"picked":"SKIP","floor":28},{"not_picked":["Flying Knee","Terror","Acrobatics"],"picked":"SKIP","floor":28},{"not_picked":["Cloak And Dagger","Bouncing Flask"],"picked":"Adrenaline","floor":30},{"not_picked":["All Out Attack","Quick Slash","Poisoned Stab"],"picked":"SKIP","floor":30},{"not_picked":["All Out Attack","Quick Slash","Poisoned Stab"],"picked":"SKIP","floor":30},{"not_picked":["Riddle With Holes","Finisher"],"picked":"Deadly Poison","floor":31},{"not_picked":["Blade Dance","Dodge and Roll","Deadly Poison"],"picked":"SKIP","floor":31},{"not_picked":["Venomology","Tools of the Trade"],"picked":"Burst","floor":33},{"not_picked":["Cloak And Dagger","Well Laid Plans","Quick Slash"],"picked":"SKIP","floor":35},{"not_picked":["Dagger Spray","Prepared","Bouncing Flask+1"],"picked":"SKIP","floor":35},{"not_picked":["Bane","Dash+1","Terror"],"picked":"SKIP","floor":36},{"not_picked":["Bane","Setup","Choke+1"],"picked":"SKIP","floor":36},{"not_picked":["Masterful Stab","Bane"],"picked":"Dodge and Roll+1","floor":37},{"not_picked":["Prepared","Poisoned Stab"],"picked":"After Image","floor":39},{"not_picked":["Slice+1","Riddle With Holes"],"picked":"PiercingWail","floor":39},{"not_picked":["Sucker Punch","Distraction+1"],"picked":"Backflip+1","floor":41},{"not_picked":["Blade Dance+1","Heel Hook"],"picked":"Deflect+1","floor":41},{"not_picked":["Reflex","Caltrops"],"picked":"Dodge and Roll+1","floor":42},{"not_picked":["Accuracy","Slice"],"picked":"Noxious Fumes","floor":44},{"not_picked":["Deadly Poison","Dagger Spray","Riddle With Holes"],"picked":"SKIP","floor":44},{"not_picked":["Predator","Choke"],"picked":"Leg Sweep","floor":45},{"not_picked":["Endless Agony","Blade Dance","Dagger Spray+1"],"picked":"SKIP","floor":48},{"not_picked":["Slice","Dagger Throw","Finisher+1"],"picked":"SKIP","floor":48},{"not_picked":["Outmaneuver","Phantasmal Killer","Dagger Spray"],"picked":"SKIP","floor":55}],"player_experience":4373440,"relics_obtained":[{"floor":6,"key":"Potion Belt"},{"floor":9,"key":"Centennial Puzzle"},{"floor":10,"key":"Pen Nib"},{"floor":12,"key":"Prayer Wheel"},{"floor":23,"key":"Boot"},{"floor":25,"key":"Pear"},{"floor":27,"key":"Bag of Preparation"},{"floor":37,"key":"Pocketwatch"},{"floor":42,"key":"Snake Skull"},{"floor":45,"key":"Pantograph"},{"floor":55,"key":"Blood Vial"}],"event_choices":[{"cards_removed":["Strike_G"],"damage_healed":0,"gold_gain":0,"player_choice":"Card Removal","damage_taken":7,"max_hp_gain":0,"max_hp_loss":0,"event_name":"Golden Wing","floor":2,"gold_loss":0},{"damage_healed":0,"gold_gain":0,"cards_transformed":["Strike_G"],"player_choice":"Transformed","damage_taken":0,"max_hp_gain":0,"max_hp_loss":0,"event_name":"Transmorgrifier","floor":3,"gold_loss":0,"cards_obtained":["Heel Hook"]},{"damage_healed":0,"gold_gain":0,"player_choice":"Ignored","damage_taken":0,"max_hp_gain":0,"max_hp_loss":0,"event_name":"The Mausoleum","floor":20,"gold_loss":0},{"damage_healed":0,"gold_gain":0,"player_choice":"Fight","damage_taken":0,"max_hp_gain":0,"max_hp_loss":0,"event_name":"Mysterious Sphere","floor":37,"gold_loss":0},{"damage_healed":0,"gold_gain":0,"cards_transformed":["Backstab"],"player_choice":"Transformed","damage_taken":0,"max_hp_gain":0,"max_hp_loss":0,"event_name":"Transmorgrifier","floor":38,"gold_loss":0,"cards_obtained":["Distraction"]},{"damage_healed":0,"gold_gain":0,"player_choice":"Max HP","damage_taken":0,"max_hp_gain":0,"max_hp_loss":4,"event_name":"Winding Halls","floor":47,"gold_loss":0}],"is_beta":true,"boss_relics":[{"not_picked":["White Beast Statue","Calling Bell"],"picked":"Cursed Key"},{"not_picked":["Tiny House","HoveringKite"],"picked":"Astrolabe"}],"items_purged_floors":[13,46],"is_endless":false,"potions_floor_spawned":[4,5,6,12,18,22,23,25,30,36,37,39,48,55],"ascension_level":20}