{"gold_per_floor":[214,104,104,117,136,164,164,196,196,196,213,213,7,25,25,102,102,121,121,121,21,41,41,41],"floor_reached":24,"playtime":1296,"items_purged":["Strike_R","Strike_R"],"score":408,"play_id":"33080cfb-9eb2-442b-98ba-acc3ec7b154f","local_time":"20190131143913","is_ascension_mode":true,"campfire_choices":[{"data":"Perfected Strike","floor":7,"key":"SMITH"},{"data":"Bash","floor":10,"key":"SMITH"},{"data":"Whirlwind","floor":12,"key":"SMITH"},{"data":"Clothesline","floor":15,"key":"SMITH"},{"floor":23,"key":"REST"}],"neow_cost":"NONE","seed_source_timestamp":188920522206299,"circlet_count":0,"master_deck":["AscendersBane","Defend_R","Defend_R","Defend_R","Defend_R","Bash+1","Shrug It Off","Clothesline+1","Impervious","Pommel Strike","Whirlwind+1","Feel No Pain","Armaments","Corruption","Reaper","Heavy Blade+1","Body Slam+1","Demon Form+1","Warcry+1","Necronomicurse","Carnage"],"relics":["Burning Blood","Mercury Hourglass","Sundial","Astrolabe","Necronomicon"],"potions_floor_usage":[6,8,16],"damage_taken":[{"damage":2,"enemies":"Cultist","floor":1,"turns":4},{"damage":9,"enemies":"Jaw Worm","floor":4,"turns":5},{"damage":2,"enemies":"2 Louse","floor":5,"turns":3},{"damage":35,"enemies":"Lagavulin","floor":6,"turns":7},{"damage":3,"enemies":"Gremlin Nob","floor":8,"turns":3},{"damage":5,"enemies":"Blue Slaver","floor":11,"turns":3},{"damage":1,"enemies":"Red Slaver","floor":14,"turns":4},{"damage":35,"enemies":"The Guardian","floor":16,"turns":10},{"damage":20,"enemies":"3 Byrds","floor":18,"turns":4},{"damage":35,"enemies":"2 Thieves","floor":22,"turns":4},{"damage":40,"enemies":"Gremlin Leader","floor":24,"turns":3}],"seed_played":"7643447527915329160","potions_obtained":[{"floor":6,"key":"FearPotion"},{"floor":14,"key":"Energy Potion"}],"is_trial":false,"path_per_floor":["M","$","?","M","M","E","R","E","T","R","M","R","$","M","R","B",null,"M","?","?","$","M","R","E"],"character_chosen":"IRONCLAD","items_purchased":["Shrug It Off","Fire Potion","Feel No Pain","Armaments"],"campfire_rested":1,"item_purchase_floors":[2,2,13,13],"current_hp_per_floor":[72,72,65,62,66,37,37,40,40,40,41,41,41,46,46,17,61,47,47,26,26,17,39,0],"gold":41,"neow_bonus":"HUNDRED_GOLD","is_prod":false,"is_daily":false,"chose_seed":false,"campfire_upgraded":4,"win_rate":0,"timestamp":1548974353,"path_taken":["M","$","?","M","M","E","R","E","T","R","M","R","?","M","R","BOSS","M","?","?","?","M","R","E"],"build_version":"2019-01-23","purchased_purges":2,"victory":false,"max_hp_per_floor":[75,75,75,75,75,75,75,75,75,75,75,75,75,75,75,75,75,75,75,75,75,75,75,75],"card_choices":[{"not_picked":["Havoc","Iron Wave"],"picked":"Perfected Strike","floor":1},{"not_picked":["Rage","Body Slam"],"picked":"Clothesline","floor":4},{"not_picked":["True Grit","Body Slam"],"picked":"Impervious","floor":5},{"not_picked":["Blood for Blood","Rage","Warcry"],"picked":"SKIP","floor":6},{"not_picked":["Entrench","Rampage"],"picked":"Pommel Strike","floor":8},{"not_picked":["Hemokinesis","Intimidate"],"picked":"Whirlwind","floor":11},{"not_picked":["Anger","Metallicize"],"picked":"Corruption","floor":14},{"not_picked":["Double Tap","Demon Form"],"picked":"Reaper","floor":16},{"not_picked":["True Grit+1","Wild Strike"],"picked":"Warcry+1","floor":18},{"not_picked":["Pommel Strike","Heavy Blade"],"picked":"Carnage","floor":22}],"player_experience":4608180,"relics_obtained":[{"floor":6,"key":"Mercury Hourglass"},{"floor":8,"key":"Sundial"},{"floor":20,"key":"Necronomicon"}],"event_choices":[{"cards_removed":["Strike_R"],"damage_healed":0,"gold_gain":0,"player_choice":"Card Removal","damage_taken":7,"max_hp_gain":0,"max_hp_loss":0,"event_name":"Golden Wing","floor":3,"gold_loss":0},{"damage_healed":0,"gold_gain":0,"player_choice":"Ignored","damage_taken":0,"max_hp_gain":0,"max_hp_loss":0,"event_name":"Vampires","floor":19,"gold_loss":0},{"damage_healed":0,"gold_gain":0,"player_choice":"Obtained Book","damage_taken":21,"max_hp_gain":0,"max_hp_loss":0,"event_name":"Cursed Tome","floor":20,"gold_loss":0}],"is_beta":true,"boss_relics":[{"not_picked":["Orrery","Sozu"],"picked":"Astrolabe"}],"items_purged_floors":[13,21],"is_endless":false,"potions_floor_spawned":[6,14],"killed_by":"Gremlin Leader","ascension_level":20}