{"gold_per_floor":[115,4,79,79,99,99,127,144,167,199,199,218,246,261,261,335,335,352,332,352,352,371,401,401,401,453,487,498,526,538,99,99,172,172,182,197,1196,707,707,732,743,770,794,826,826,381,391,408,408,408,408,408,408,62,95,95],"floor_reached":57,"playtime":4043,"items_purged":["Strike_R","Strike_R","Normality","Normality","Strike_R"],"score":2961,"play_id":"3d42cc1d-0ec3-463e-98e1-a1d448867d7b","local_time":"20190123131742","is_ascension_mode":true,"campfire_choices":[{"data":"Combust","floor":6,"key":"SMITH"},{"data":"Bash","floor":11,"key":"SMITH"},{"data":"Whirlwind","floor":15,"key":"SMITH"},{"data":"Shockwave","floor":24,"key":"SMITH"},{"data":"Demon Form","floor":32,"key":"SMITH"},{"data":"Heavy Blade","floor":45,"key":"SMITH"},{"floor":49,"key":"RECALL"},{"data":"Heavy Blade","floor":53,"key":"SMITH"}],"neow_cost":"TEN_PERCENT_HP_LOSS","seed_source_timestamp":9769371624394,"circlet_count":0,"master_deck":["AscendersBane","Strike_R","Defend_R","Defend_R","Defend_R","Defend_R","Bash+1","Twin Strike","Combust+1","Power Through","Clothesline","True Grit","Whirlwind+1","Reaper","Feed","Inflame+1","Inflame+1","Shockwave+1","Necronomicurse","Heavy Blade+1","Demon Form+1","Reaper","Reaper","Dual Wield+1","Inflame","Shrug It Off","Corruption","Heavy Blade+1","Disarm","Rupture"],"relics":["Burning Blood","StoneCalendar","Oddly Smooth Stone","Happy Flower","Ancient Tea Set","Blood Vial","Snecko Eye","Pen Nib","Necronomicon","Anchor","MawBank","Mummified Hand","Busted Crown","Bag of Preparation","Centennial Puzzle","PreservedInsect","Omamori","Potion Belt","Lantern","Vajra","Strawberry"],"potions_floor_usage":[7,12,16,56,56,56,56],"damage_taken":[{"damage":16,"enemies":"Jaw Worm","floor":1,"turns":5},{"damage":0,"enemies":"2 Louse","floor":5,"turns":4},{"damage":24,"enemies":"Gremlin Nob","floor":7,"turns":4},{"damage":0,"enemies":"Cultist","floor":8,"turns":4},{"damage":4,"enemies":"Lagavulin","floor":10,"turns":7},{"damage":1,"enemies":"Looter","floor":12,"turns":2},{"damage":19,"enemies":"3 Sentries","floor":13,"turns":7},{"damage":5,"enemies":"Gremlin Gang","floor":14,"turns":3},{"damage":42,"enemies":"Slime Boss","floor":16,"turns":7},{"damage":11,"enemies":"2 Thieves","floor":18,"turns":4},{"damage":13,"enemies":"Spheric Guardian","floor":20,"turns":4},{"damage":16,"enemies":"Cultist and Chosen","floor":22,"turns":4},{"damage":8,"enemies":"Gremlin Leader","floor":23,"turns":6},{"damage":0,"enemies":"Book of Stabbing","floor":27,"turns":1},{"damage":1,"enemies":"Centurion and Healer","floor":28,"turns":6},{"damage":22,"enemies":"Gremlin Leader","floor":29,"turns":7},{"damage":32,"enemies":"Automaton","floor":33,"turns":5},{"damage":2,"enemies":"Orb Walker","floor":35,"turns":2},{"damage":5,"enemies":"3 Shapes","floor":36,"turns":7},{"damage":47,"enemies":"Giant Head","floor":40,"turns":5},{"damage":48,"enemies":"Writhing Mass","floor":41,"turns":5},{"damage":27,"enemies":"Nemesis","floor":42,"turns":3},{"damage":11,"enemies":"Reptomancer","floor":44,"turns":4},{"damage":1,"enemies":"Transient","floor":47,"turns":6},{"damage":0,"enemies":"Sphere and 2 Shapes","floor":48,"turns":1},{"damage":16,"enemies":"Time Eater","floor":50,"turns":3},{"damage":47,"enemies":"Donu and Deca","floor":51,"turns":6},{"damage":72,"enemies":"Shield and Spear","floor":55,"turns":5},{"damage":110,"enemies":"The Heart","floor":56,"turns":6}],"seed_played":"4172618152190776981","potions_obtained":[{"floor":5,"key":"Swift Potion"},{"floor":7,"key":"FearPotion"},{"floor":10,"key":"Block Potion"},{"floor":12,"key":"Poison Potion"},{"floor":19,"key":"SpeedPotion"},{"floor":22,"key":"SteroidPotion"},{"floor":33,"key":"Strength Potion"},{"floor":48,"key":"SpeedPotion"}],"is_trial":false,"path_per_floor":["?","?","M","?","M","?","M","?","$","?","?","M","M"],"character_chosen":"IRONCLAD","items_purchased":["Combust","Mummified Hand","Reaper","Bag of Preparation","Centennial Puzzle","Inflame","Corruption","Vajra","Weak Potion","Disarm","Dexterity Potion","Rupture"],"campfire_rested":0,"item_purchase_floors":[2,31,31,38,38,38,46,46,46,54,54,54],"current_hp_per_floor":[58,58,47,47,53,53,35,41,41,43,43,48,35,38,38,12,54,64,64,59,59,59,74,74,53,53,61,77,80,80,80,80,57,77,86,89,89,89,89,89,76,60,60,91,91,91,98,101,101,104,89,103,103,103,114,97],"gold":95,"neow_bonus":"ONE_RARE_RELIC","is_prod":false,"is_daily":false,"chose_seed":false,"campfire_upgraded":7,"win_rate":0,"timestamp":1548278262,"path_taken":["M","$","?","?","M","R","E","M","T","E","R","?","E","M","R","BOSS","M","?","?","?","?","E","R","?","T","E","M","E","?","$","R","BOSS","M","M","?","$","?","E","?","E","T","E","R","$","?","M","R","BOSS","BOSS","R","$","E","BOSS"],"build_version":"2019-01-22","purchased_purges":5,"victory":true,"max_hp_per_floor":[68,68,68,68,68,68,68,68,68,68,68,68,68,68,68,68,68,71,71,71,71,71,74,74,74,74,74,77,80,80,80,80,83,83,86,89,89,89,89,89,89,92,92,95,95,95,98,101,101,104,107,107,107,107,114,114],"card_choices":[{"not_picked":["Cleave","Flex"],"picked":"Twin Strike","floor":1},{"not_picked":["Body Slam","Second Wind"],"picked":"Power Through","floor":5},{"not_picked":["Sword Boomerang","Limit Break"],"picked":"Clothesline","floor":7},{"not_picked":["Body Slam","Headbutt"],"picked":"Anger","floor":8},{"not_picked":["Cleave","Uppercut","Iron Wave"],"picked":"SKIP","floor":10},{"not_picked":["Heavy Blade","Searing Blow"],"picked":"True Grit","floor":12},{"not_picked":["Wild Strike","Havoc"],"picked":"Whirlwind","floor":13},{"not_picked":["True Grit","Clash"],"picked":"Reaper","floor":14},{"not_picked":["Exhume","Barricade"],"picked":"Feed","floor":16},{"not_picked":["Seeing Red","Perfected Strike"],"picked":"Inflame+1","floor":18},{"not_picked":["Sword Boomerang","Sentinel","Headbutt"],"picked":"SKIP","floor":20},{"not_picked":["Sever Soul","Heavy Blade"],"picked":"Inflame","floor":22},{"not_picked":["Headbutt","Burning Pact"],"picked":"Shockwave","floor":23},{"not_picked":["Warcry","Havoc+1"],"picked":"Heavy Blade","floor":27},{"not_picked":["Headbutt","Heavy Blade"],"picked":"Demon Form","floor":28},{"not_picked":["Rampage","Searing Blow","Power Through"],"picked":"SKIP","floor":29},{"not_picked":["Double Tap","Bludgeon"],"picked":"Reaper","floor":33},{"not_picked":["Cleave"],"picked":"SKIP","floor":35},{"not_picked":[],"picked":"Dual Wield+1","floor":36},{"not_picked":["Evolve"],"picked":"SKIP","floor":40},{"not_picked":["Heavy Blade"],"picked":"SKIP","floor":41},{"not_picked":[],"picked":"Shrug It Off","floor":42},{"not_picked":["Clash+1"],"picked":"SKIP","floor":44},{"not_picked":["Armaments"],"picked":"SKIP","floor":47},{"not_picked":[],"picked":"Heavy Blade","floor":48},{"not_picked":["Havoc+1"],"picked":"SKIP","floor":55}],"player_experience":4470142,"relics_obtained":[{"floor":7,"key":"Oddly Smooth Stone"},{"floor":9,"key":"Happy Flower"},{"floor":10,"key":"Ancient Tea Set"},{"floor":13,"key":"Blood Vial"},{"floor":23,"key":"Pen Nib"},{"floor":25,"key":"Necronomicon"},{"floor":27,"key":"Anchor"},{"floor":29,"key":"MawBank"},{"floor":40,"key":"PreservedInsect"},{"floor":42,"key":"Omamori"},{"floor":43,"key":"Potion Belt"},{"floor":44,"key":"Lantern"},{"floor":55,"key":"Strawberry"}],"event_choices":[{"damage_healed":0,"gold_gain":75,"player_choice":"Gather Gold","damage_taken":11,"max_hp_gain":0,"max_hp_loss":0,"event_name":"World of Goop","floor":3,"gold_loss":0},{"cards_removed":["Strike_R"],"damage_healed":0,"gold_gain":0,"player_choice":"Offered Basic","damage_taken":0,"max_hp_gain":0,"max_hp_loss":0,"event_name":"Bonfire Elementals","floor":4,"gold_loss":0},{"damage_healed":0,"gold_gain":0,"player_choice":"Bought 1 Potion","damage_taken":0,"max_hp_gain":0,"max_hp_loss":0,"event_name":"The Woman in Blue","floor":19,"gold_loss":0},{"cards_removed":["Anger"],"damage_healed":0,"gold_gain":0,"player_choice":"Purged","damage_taken":0,"max_hp_gain":0,"max_hp_loss":0,"event_name":"Purifier","floor":21,"gold_loss":0},{"damage_healed":0,"gold_gain":0,"player_choice":"Obtained Book","damage_taken":21,"max_hp_gain":0,"max_hp_loss":0,"event_name":"Cursed Tome","floor":25,"gold_loss":0},{"damage_healed":0,"gold_gain":999,"player_choice":"Gold","damage_taken":0,"max_hp_gain":0,"max_hp_loss":0,"event_name":"MindBloom","floor":37,"gold_loss":0,"cards_obtained":["Normality","Normality"]},{"damage_healed":0,"gold_gain":0,"player_choice":"Upgraded","damage_taken":0,"max_hp_gain":0,"max_hp_loss":0,"event_name":"Upgrade Shrine","floor":39,"gold_loss":0,"cards_upgraded":["Inflame"]}],"is_beta":true,"boss_relics":[{"not_picked":["Philosopher\u0027s Stone","Astrolabe"],"picked":"Snecko Eye"},{"not_picked":["Black Blood","Tiny House"],"picked":"Busted Crown"}],"items_purged_floors":[2,31,38,46,54],"is_endless":false,"potions_floor_spawned":[5,7,10,12,13,22,27,28,33,35,41,48],"ascension_level":20}