{"gold_per_floor":[113,113,123,142,156,156,187,187,213,242,262,262,262,280,280,358,358,371,383,383,170,170,170,183,183,183,201,28,28,28,56,56,130,130,141,141,160,174,4,31,47,76,122,157,157,257,269,204,204,204,204,204,204,4,30,30],"floor_reached":57,"playtime":5102,"items_purged":["Strike_R","Strike_R"],"score":2740,"play_id":"ad0f9297-d19e-4272-9bf9-c0e224365ff6","local_time":"20190124175558","is_ascension_mode":true,"campfire_choices":[{"data":"Bash","floor":6,"key":"SMITH"},{"data":"Disarm","floor":8,"key":"SMITH"},{"data":"Immolate","floor":12,"key":"SMITH"},{"data":"Pommel Strike","floor":15,"key":"SMITH"},{"data":"Reaper","floor":23,"key":"SMITH"},{"data":"Exhume","floor":25,"key":"SMITH"},{"data":"Feel No Pain","floor":32,"key":"SMITH"},{"floor":49,"key":"RECALL"},{"data":"Demon Form","floor":53,"key":"SMITH"}],"neow_cost":"TEN_PERCENT_HP_LOSS","seed_source_timestamp":111899811252567,"circlet_count":0,"master_deck":["AscendersBane","Strike_R","Strike_R","Defend_R","Defend_R+1","Defend_R","Defend_R","Bash+1","Fiend Fire+1","Pommel Strike+1","Twin Strike","Disarm+1","Headbutt","Reaper+1","Immolate+1","Headbutt","Exhume+1","True Grit+1","Double Tap","Corruption","Feel No Pain+1","Armaments+1","Demon Form+1","Havoc","Warcry+1","Reaper+1","Flame Barrier+1","Heavy Blade+1","Warcry+1","Heavy Blade+1","Inflame+1","Disarm","Uppercut+1","Anger+1"],"relics":["Burning Blood","Omamori","Lantern","Happy Flower","Runic Pyramid","Necronomicon","The Courier","FossilizedHelix","Pen Nib","Black Star","DollysMirror","Molten Egg 2","Bottled Lightning","Question Card","Letter Opener","Ornamental Fan","Shuriken","Nunchaku","Anchor","Mummified Hand","War Paint"],"potions_floor_usage":[10,16,16,24,35,56,56],"damage_taken":[{"damage":12,"enemies":"Jaw Worm","floor":1,"turns":3},{"damage":0,"enemies":"2 Louse","floor":3,"turns":2},{"damage":0,"enemies":"Cultist","floor":4,"turns":2},{"damage":6,"enemies":"3 Louse","floor":5,"turns":4},{"damage":26,"enemies":"Lagavulin","floor":7,"turns":6},{"damage":25,"enemies":"3 Sentries","floor":10,"turns":7},{"damage":16,"enemies":"Exordium Thugs","floor":11,"turns":4},{"damage":0,"enemies":"Exordium Wildlife","floor":14,"turns":2},{"damage":2,"enemies":"The Guardian","floor":16,"turns":13},{"damage":31,"enemies":"2 Thieves","floor":18,"turns":4},{"damage":6,"enemies":"Spheric Guardian","floor":19,"turns":3},{"damage":17,"enemies":"Snecko","floor":24,"turns":4},{"damage":23,"enemies":"Centurion and Healer","floor":27,"turns":4},{"damage":51,"enemies":"Gremlin Leader","floor":31,"turns":5},{"damage":5,"enemies":"Champ","floor":33,"turns":16},{"damage":3,"enemies":"Orb Walker","floor":35,"turns":3},{"damage":0,"enemies":"3 Darklings","floor":37,"turns":1},{"damage":4,"enemies":"Writhing Mass","floor":38,"turns":4},{"damage":0,"enemies":"Nemesis","floor":40,"turns":5},{"damage":0,"enemies":"Spire Growth","floor":41,"turns":3},{"damage":133,"enemies":"Giant Head","floor":42,"turns":10},{"damage":30,"enemies":"Nemesis","floor":44,"turns":7},{"damage":35,"enemies":"Mind Bloom Boss Battle","floor":46,"turns":6},{"damage":0,"enemies":"Transient","floor":47,"turns":6},{"damage":62,"enemies":"Donu and Deca","floor":50,"turns":7},{"damage":92,"enemies":"Awakened One","floor":51,"turns":15},{"damage":68,"enemies":"Shield and Spear","floor":55,"turns":8},{"damage":88,"enemies":"The Heart","floor":56,"turns":10}],"seed_played":"-790876247359450249","potions_obtained":[{"floor":3,"key":"AttackPotion"},{"floor":5,"key":"Dexterity Potion"},{"floor":11,"key":"Poison Potion"},{"floor":16,"key":"SteroidPotion"},{"floor":18,"key":"Explosive Potion"},{"floor":27,"key":"SpeedPotion"},{"floor":33,"key":"Fruit Juice"},{"floor":35,"key":"AttackPotion"}],"is_trial":false,"path_per_floor":["M","?","M","M","M","R","E","R","T","E","M","R","?","M","R","B",null,"M","M","?","$","?","R","M","R","T","M","$","?","?","E","R","B",null,"M","?","M","M","$","E","M","E","T","E","?","?","M","$","R","B","B",null,"R","$","E","B",null],"character_chosen":"IRONCLAD","items_purchased":["True Grit","Double Tap","Corruption","Feel No Pain","DollysMirror","Disarm","Anchor","Uppercut+1"],"campfire_rested":0,"item_purchase_floors":[21,21,28,28,39,48,54,54],"current_hp_per_floor":[62,62,68,68,68,68,48,48,48,33,31,31,31,41,41,49,63,42,42,21,21,21,21,25,25,25,68,68,68,49,73,73,73,73,78,78,78,78,78,78,78,70,70,78,78,78,78,78,78,78,78,78,78,78,57,61],"gold":30,"neow_bonus":"THREE_RARE_CARDS","is_prod":false,"is_daily":false,"chose_seed":false,"campfire_upgraded":8,"win_rate":0,"timestamp":1548381358,"path_taken":["M","?","M","M","M","R","E","R","T","E","M","R","?","M","R","BOSS","M","M","?","$","?","R","M","R","T","?","$","?","?","E","R","BOSS","M","?","?","M","$","E","M","E","T","E","?","?","M","$","R","BOSS","BOSS","R","$","E","BOSS"],"build_version":"2019-01-23","purchased_purges":2,"victory":true,"max_hp_per_floor":[68,68,68,68,68,68,68,68,68,68,68,68,68,68,68,68,68,68,68,68,68,68,68,68,68,68,68,68,68,73,73,73,73,73,78,78,78,78,78,78,78,78,78,78,78,78,78,78,78,78,78,78,78,78,78,78],"card_choices":[{"not_picked":["Impervious","Brutality"],"picked":"Fiend Fire","floor":0},{"not_picked":["Havoc","Body Slam"],"picked":"Pommel Strike","floor":1},{"not_picked":["Cleave","Wild Strike"],"picked":"Twin Strike","floor":3},{"not_picked":["Carnage","Ghostly Armor"],"picked":"Disarm","floor":4},{"not_picked":["Warcry","Wild Strike"],"picked":"Headbutt","floor":5},{"not_picked":["Pummel","Ghostly Armor"],"picked":"Reaper","floor":7},{"not_picked":["Anger","Carnage","Pommel Strike"],"picked":"SKIP","floor":10},{"not_picked":["Headbutt","Bloodletting"],"picked":"Immolate","floor":11},{"not_picked":["Flex","Pommel Strike","Searing Blow"],"picked":"SKIP","floor":14},{"not_picked":["Juggernaut","Demon Form"],"picked":"Exhume","floor":16},{"not_picked":["Pummel","Body Slam","Clothesline"],"picked":"SKIP","floor":18},{"not_picked":["Rupture","Havoc","Body Slam"],"picked":"SKIP","floor":19},{"not_picked":["Heavy Blade","Perfected Strike","Clash"],"picked":"SKIP","floor":24},{"not_picked":["Headbutt","Clash","Wild Strike"],"picked":"SKIP","floor":27},{"not_picked":["Headbutt","Clash","Wild Strike"],"picked":"SKIP","floor":27},{"not_picked":["Perfected Strike","Anger"],"picked":"Armaments+1","floor":31},{"not_picked":["Reaper","Exhume"],"picked":"Demon Form","floor":33},{"not_picked":["Shrug It Off","Rupture"],"picked":"Havoc","floor":35},{"not_picked":["Power Through+1","Anger"],"picked":"Warcry+1","floor":37},{"not_picked":["Twin Strike","Warcry","Fire Breathing"],"picked":"SKIP","floor":38},{"not_picked":["Wild Strike","Evolve","Blood for Blood"],"picked":"SKIP","floor":40},{"not_picked":["Corruption","Searing Blow+1"],"picked":"Flame Barrier+1","floor":41},{"not_picked":["Juggernaut","Shrug It Off+1"],"picked":"Heavy Blade+1","floor":42},{"not_picked":["Rupture","Fire Breathing","True Grit"],"picked":"Warcry","floor":44},{"not_picked":["Dropkick+1","Reckless Charge+1","Armaments"],"picked":"Heavy Blade+1","floor":46},{"not_picked":["Warcry","Immolate+1","Armaments"],"picked":"Inflame+1","floor":47},{"not_picked":["Body Slam+1","Power Through+1","Perfected Strike+1"],"picked":"Anger+1","floor":55}],"player_experience":4502086,"relics_obtained":[{"floor":7,"key":"Omamori"},{"floor":9,"key":"Lantern"},{"floor":10,"key":"Happy Flower"},{"floor":20,"key":"Necronomicon"},{"floor":26,"key":"The Courier"},{"floor":31,"key":"Pen Nib"},{"floor":40,"key":"Molten Egg 2"},{"floor":40,"key":"Bottled Lightning"},{"floor":42,"key":"Question Card"},{"floor":42,"key":"Letter Opener"},{"floor":44,"key":"Ornamental Fan"},{"floor":44,"key":"Shuriken"},{"floor":46,"key":"Nunchaku"},{"floor":55,"key":"Mummified Hand"},{"floor":55,"key":"War Paint"}],"event_choices":[{"damage_healed":0,"gold_gain":0,"player_choice":"Grow","damage_taken":0,"max_hp_gain":0,"max_hp_loss":0,"event_name":"Living Wall","floor":2,"gold_loss":0,"cards_upgraded":["Fiend Fire"]},{"damage_healed":0,"gold_gain":0,"cards_transformed":["Strike_R"],"player_choice":"Transformed","damage_taken":0,"max_hp_gain":0,"max_hp_loss":0,"event_name":"Transmorgrifier","floor":13,"gold_loss":0,"cards_obtained":["Headbutt"]},{"damage_healed":0,"gold_gain":0,"player_choice":"Obtained Book","damage_taken":21,"max_hp_gain":0,"max_hp_loss":0,"event_name":"Cursed Tome","floor":20,"gold_loss":0},{"damage_healed":0,"gold_gain":0,"player_choice":"Upgraded","damage_taken":0,"max_hp_gain":0,"max_hp_loss":0,"event_name":"Upgrade Shrine","floor":22,"gold_loss":0,"cards_upgraded":["True Grit"]},{"damage_healed":0,"gold_gain":0,"player_choice":"Stole Relic","damage_taken":0,"relics_obtained":["FossilizedHelix"],"max_hp_gain":0,"max_hp_loss":0,"event_name":"Addict","floor":29,"gold_loss":0,"cards_obtained":["Shame"]},{"damage_healed":0,"gold_gain":0,"player_choice":"Shed Blood","damage_taken":24,"max_hp_gain":5,"max_hp_loss":0,"event_name":"Forgotten Altar","floor":30,"gold_loss":0},{"damage_healed":0,"gold_gain":0,"player_choice":"0 cards matched","damage_taken":0,"max_hp_gain":0,"max_hp_loss":0,"event_name":"Match and Keep!","floor":36,"gold_loss":0,"cards_obtained":[]},{"damage_healed":0,"gold_gain":0,"player_choice":"Ignored","damage_taken":0,"max_hp_gain":0,"max_hp_loss":0,"event_name":"Tomb of Lord Red Mask","floor":45,"gold_loss":0},{"damage_healed":0,"gold_gain":0,"player_choice":"Fight","damage_taken":0,"max_hp_gain":0,"max_hp_loss":0,"event_name":"MindBloom","floor":46,"gold_loss":0}],"is_beta":true,"boss_relics":[{"not_picked":["Calling Bell","Coffee Dripper"],"picked":"Runic Pyramid"},{"not_picked":["Snecko Eye","Empty Cage"],"picked":"Black Star"}],"items_purged_floors":[21,28],"is_endless":false,"potions_floor_spawned":[3,5,11,16,18,27,33,35,44,47],"ascension_level":20}