{"gold_per_floor":[213,223,3,17,32,32,59,59,59,85,99,115,144,144,144,223,223,241,166,185,185,205,205,255,265,318,318,332,332,363,363,363,437,437,453,453,464,511,259,259,259],"floor_reached":41,"playtime":3155,"items_purged":["Strike_G","Strike_G+1"],"score":862,"play_id":"aa0cde55-32c0-481c-85ec-f4f8c318fa51","local_time":"20190130151207","is_ascension_mode":true,"campfire_choices":[{"data":"Neutralize","floor":6,"key":"SMITH"},{"data":"Malaise","floor":8,"key":"SMITH"},{"data":"Glass Knife","floor":15,"key":"SMITH"},{"data":"Adrenaline","floor":23,"key":"SMITH"},{"data":"Dagger Spray","floor":29,"key":"SMITH"},{"data":"Survivor","floor":32,"key":"SMITH"},{"data":"Corpse Explosion","floor":40,"key":"SMITH"}],"neow_cost":"NONE","seed_source_timestamp":102636542835335,"circlet_count":0,"master_deck":["AscendersBane","Defend_G+1","Defend_G+1","Defend_G+1","Defend_G+1","Defend_G+1","Strike_G+1","Survivor+1","Neutralize+1","Quick Slash","Dagger Throw","Dagger Spray+1","Quick Slash","Malaise+1","Leg Sweep","Dash","Backflip","Glass Knife+1","Adrenaline+1","Dagger Spray+1","Catalyst","PiercingWail","Finisher+1","Corpse Explosion+1","PiercingWail","Tools of the Trade"],"relics":["Ring of the Snake","Sling","Ice Cream","Torii","Bird Faced Urn","Incense Burner","Runic Pyramid","Centennial Puzzle","Bag of Marbles","Sozu","Nunchaku"],"potions_floor_usage":[7,33,33],"damage_taken":[{"damage":3,"enemies":"2 Louse","floor":1,"turns":3},{"damage":2,"enemies":"Jaw Worm","floor":2,"turns":6},{"damage":1,"enemies":"Cultist","floor":4,"turns":4},{"damage":6,"enemies":"Blue Slaver","floor":5,"turns":6},{"damage":6,"enemies":"Gremlin Nob","floor":7,"turns":3},{"damage":3,"enemies":"Lagavulin","floor":10,"turns":9},{"damage":2,"enemies":"Large Slime","floor":11,"turns":8},{"damage":0,"enemies":"3 Louse","floor":12,"turns":4},{"damage":10,"enemies":"Gremlin Nob","floor":13,"turns":4},{"damage":4,"enemies":"The Guardian","floor":16,"turns":16},{"damage":5,"enemies":"Spheric Guardian","floor":18,"turns":12},{"damage":1,"enemies":"Shell Parasite","floor":20,"turns":12},{"damage":3,"enemies":"Cultist and Chosen","floor":22,"turns":12},{"damage":0,"enemies":"Snecko","floor":25,"turns":12},{"damage":5,"enemies":"Shelled Parasite and Fungi","floor":28,"turns":12},{"damage":1,"enemies":"Book of Stabbing","floor":30,"turns":14},{"damage":4,"enemies":"Automaton","floor":33,"turns":20},{"damage":0,"enemies":"3 Shapes","floor":35,"turns":1},{"damage":2,"enemies":"3 Darklings","floor":37,"turns":2},{"damage":1,"enemies":"2 Orb Walkers","floor":38,"turns":4},{"damage":70,"enemies":"Giant Head","floor":41,"turns":11}],"seed_played":"-1193636122231038276","potions_obtained":[{"floor":4,"key":"Poison Potion"},{"floor":5,"key":"Ancient Potion"},{"floor":7,"key":"Weak Potion"},{"floor":12,"key":"Energy Potion"},{"floor":16,"key":"PowerPotion"},{"floor":20,"key":"Strength Potion"},{"floor":33,"key":"Swift Potion"}],"is_trial":false,"path_per_floor":["M","M","$","M","M","R","E","R","T","E","M","M","E","?","R","B",null,"M","$","M","?","M","R","?","M","T","?","M","R","E","?","R","B",null,"M","?","M","?","$","R","E"],"character_chosen":"THE_SILENT","items_purchased":["Sling","Tools of the Trade"],"campfire_rested":0,"item_purchase_floors":[3,39],"current_hp_per_floor":[56,54,54,53,47,47,41,41,41,38,36,36,26,19,19,15,53,48,48,47,47,44,44,44,44,44,44,39,39,38,38,38,36,59,59,59,57,56,56,56,0],"gold":259,"neow_bonus":"HUNDRED_GOLD","is_prod":false,"is_daily":false,"chose_seed":false,"campfire_upgraded":7,"win_rate":0,"timestamp":1548889927,"path_taken":["M","M","$","M","M","R","E","R","T","E","M","M","E","?","R","BOSS","M","$","M","?","M","R","?","M","T","?","?","R","E","?","R","BOSS","M","?","M","?","$","R","E"],"build_version":"2019-01-23","purchased_purges":2,"victory":false,"max_hp_per_floor":[66,66,66,66,66,66,66,66,66,66,66,66,66,66,66,66,66,66,66,66,66,66,66,66,66,66,66,66,66,66,66,66,66,66,66,66,66,66,66,66,66],"card_choices":[{"not_picked":["Choke","Blade Dance"],"picked":"Quick Slash","floor":1},{"not_picked":["Quick Slash","Reflex"],"picked":"Dagger Throw","floor":2},{"not_picked":["Bane","Terror"],"picked":"Dagger Spray","floor":4},{"not_picked":["Deflect","Flying Knee"],"picked":"Quick Slash","floor":5},{"not_picked":["Catalyst","After Image"],"picked":"Malaise","floor":7},{"not_picked":["Predator","Sucker Punch"],"picked":"Leg Sweep","floor":10},{"not_picked":["Prepared","Deflect"],"picked":"Dash","floor":11},{"not_picked":["Cloak And Dagger","Dodge and Roll"],"picked":"Backflip","floor":12},{"not_picked":["Slice","Dagger Spray"],"picked":"Glass Knife","floor":13},{"not_picked":["Tools of the Trade","Venomology"],"picked":"Adrenaline","floor":16},{"not_picked":["Dodge and Roll","Outmaneuver","Sucker Punch"],"picked":"SKIP","floor":18},{"not_picked":["Bouncing Flask","Slice"],"picked":"Dagger Spray+1","floor":20},{"not_picked":["Endless Agony","Dagger Spray"],"picked":"Catalyst","floor":22},{"not_picked":["Tactician","Dagger Throw+1","Cloak And Dagger"],"picked":"SKIP","floor":25},{"not_picked":["Riddle With Holes","Endless Agony+1"],"picked":"PiercingWail","floor":28},{"not_picked":["Backflip","Blade Dance"],"picked":"Finisher+1","floor":30},{"not_picked":["Die Die Die","Envenom"],"picked":"Corpse Explosion","floor":33},{"not_picked":["Blade Dance","Slice","Poisoned Stab"],"picked":"SKIP","floor":35},{"not_picked":["Sucker Punch","Underhanded Strike"],"picked":"PiercingWail","floor":37}],"player_experience":4588505,"relics_obtained":[{"floor":7,"key":"Ice Cream"},{"floor":9,"key":"Torii"},{"floor":10,"key":"Bird Faced Urn"},{"floor":13,"key":"Incense Burner"},{"floor":26,"key":"Centennial Puzzle"},{"floor":30,"key":"Bag of Marbles"},{"floor":38,"key":"Nunchaku"}],"event_choices":[{"cards_removed":["Strike_G"],"damage_healed":0,"gold_gain":0,"player_choice":"Card Removal","damage_taken":7,"max_hp_gain":0,"max_hp_loss":0,"event_name":"Golden Wing","floor":14,"gold_loss":0},{"damage_healed":0,"gold_gain":0,"player_choice":"Ignored","damage_taken":0,"max_hp_gain":0,"max_hp_loss":0,"event_name":"The Mausoleum","floor":21,"gold_loss":0},{"damage_healed":0,"gold_gain":50,"player_choice":"Stole From Cult","damage_taken":0,"max_hp_gain":0,"max_hp_loss":0,"event_name":"Nest","floor":24,"gold_loss":0},{"damage_healed":0,"gold_gain":0,"player_choice":"Got Potions","damage_taken":0,"max_hp_gain":0,"max_hp_loss":0,"event_name":"Lab","floor":27,"gold_loss":0},{"damage_healed":0,"gold_gain":0,"player_choice":"Simplicity","damage_taken":0,"max_hp_gain":0,"max_hp_loss":0,"event_name":"Back to Basics","floor":31,"gold_loss":0,"cards_upgraded":["Defend_G","Defend_G","Defend_G","Defend_G","Defend_G","Strike_G","Strike_G","Strike_G"]},{"cards_removed":["Strike_G"],"damage_healed":0,"gold_gain":0,"player_choice":"Removed Attack","damage_taken":0,"max_hp_gain":0,"max_hp_loss":0,"event_name":"Falling","floor":36,"gold_loss":0},{"damage_healed":0,"gold_gain":0,"player_choice":"Fight","damage_taken":0,"max_hp_gain":0,"max_hp_loss":0,"event_name":"Mysterious Sphere","floor":38,"gold_loss":0}],"is_beta":true,"boss_relics":[{"not_picked":["Lizard Tail","Ectoplasm"],"picked":"Runic Pyramid"},{"not_picked":["Tiny House","Snecko Eye"],"picked":"Sozu"}],"items_purged_floors":[19,39],"is_endless":false,"potions_floor_spawned":[4,5,7,10,12,16,20,22,25,33,35],"killed_by":"Giant Head","ascension_level":20}