{"gold_per_floor":[111,36,36,53,63,63,91,91,172,172,172,198,198,214,214,286,286,305,305,68,88,104,137,137,153,153,153,171,197,213,242,242,317,317,330,220,230,242,15,50,50,69,69,69,101,201,233,233,233,233,233,233,233,30,65,65],"floor_reached":57,"playtime":5077,"items_purged":["Strike_G","Strike_G","Strike_G"],"score":2866,"play_id":"5f037027-ebbd-4d3b-b577-ab7f68e9f848","local_time":"20190129171438","is_ascension_mode":true,"campfire_choices":[{"data":"Poisoned Stab","floor":6,"key":"SMITH"},{"data":"Blade Dance","floor":8,"key":"SMITH"},{"data":"Quick Slash","floor":11,"key":"SMITH"},{"data":"Neutralize","floor":13,"key":"SMITH"},{"data":"Backflip","floor":15,"key":"SMITH"},{"data":"Blade Dance","floor":24,"key":"SMITH"},{"floor":27,"key":"REST"},{"data":"Footwork","floor":32,"key":"SMITH"},{"data":"Caltrops","floor":41,"key":"SMITH"},{"floor":49,"key":"RECALL"},{"data":"Well Laid Plans","floor":53,"key":"SMITH"}],"neow_cost":"NONE","seed_source_timestamp":21587857622059,"circlet_count":0,"master_deck":["AscendersBane","Defend_G+1","Defend_G","Defend_G","Defend_G","Defend_G","Strike_G","Survivor","Neutralize+1","Poisoned Stab+1","Quick Slash+1","Backflip+1","Bane","Blade Dance+1","PiercingWail","Escape Plan","Malaise+1","PiercingWail","Flash of Steel","Footwork+1","Blade Dance+1","Backflip","Well Laid Plans+1","Blade Dance","Calculated Gamble","Dodge and Roll","Acrobatics+1","Adrenaline","Deflect+1","Caltrops+1","Dodge and Roll","Infinite Blades"],"relics":["Ring of the Snake","Meat on the Bone","Shuriken","Tiny Chest","Ornamental Fan","Mummified Hand","Lizard Tail","Bag of Preparation","Paper Crane","PreservedInsect","Busted Crown","OrangePellets","Mercury Hourglass","Letter Opener","Unceasing Top","Lantern","Gremlin Horn"],"potions_floor_usage":[7,23,40,56,56],"damage_taken":[{"damage":0,"enemies":"Cultist","floor":1,"turns":3},{"damage":0,"enemies":"Jaw Worm","floor":4,"turns":4},{"damage":6,"enemies":"2 Louse","floor":5,"turns":4},{"damage":40,"enemies":"Lagavulin","floor":7,"turns":9},{"damage":7,"enemies":"3 Sentries","floor":12,"turns":6},{"damage":0,"enemies":"Blue Slaver","floor":14,"turns":4},{"damage":19,"enemies":"The Guardian","floor":16,"turns":11},{"damage":10,"enemies":"Chosen","floor":18,"turns":4},{"damage":0,"enemies":"3 Byrds","floor":21,"turns":7},{"damage":16,"enemies":"Snecko","floor":22,"turns":8},{"damage":31,"enemies":"Gremlin Leader","floor":23,"turns":6},{"damage":15,"enemies":"Sentry and Sphere","floor":25,"turns":7},{"damage":0,"enemies":"Centurion and Healer","floor":28,"turns":6},{"damage":20,"enemies":"Book of Stabbing","floor":29,"turns":5},{"damage":0,"enemies":"Snake Plant","floor":30,"turns":5},{"damage":0,"enemies":"Gremlin Leader","floor":31,"turns":6},{"damage":37,"enemies":"Automaton","floor":33,"turns":10},{"damage":1,"enemies":"3 Darklings","floor":35,"turns":6},{"damage":0,"enemies":"3 Shapes","floor":37,"turns":5},{"damage":0,"enemies":"Spire Growth","floor":38,"turns":6},{"damage":0,"enemies":"Reptomancer","floor":40,"turns":6},{"damage":5,"enemies":"Sphere and 2 Shapes","floor":42,"turns":4},{"damage":0,"enemies":"Nemesis","floor":45,"turns":7},{"damage":0,"enemies":"Mind Bloom Boss Battle","floor":46,"turns":5},{"damage":13,"enemies":"Giant Head","floor":47,"turns":8},{"damage":10,"enemies":"Awakened One","floor":50,"turns":17},{"damage":24,"enemies":"Donu and Deca","floor":51,"turns":12},{"damage":1,"enemies":"Shield and Spear","floor":55,"turns":8},{"damage":53,"enemies":"The Heart","floor":56,"turns":10}],"seed_played":"-1865993903526394792","potions_obtained":[{"floor":4,"key":"EssenceOfSteel"},{"floor":7,"key":"GhostInAJar"},{"floor":12,"key":"GamblersBrew"},{"floor":16,"key":"PowerPotion"},{"floor":25,"key":"Fire Potion"},{"floor":46,"key":"SmokeBomb"},{"floor":47,"key":"LiquidBronze"}],"is_trial":false,"path_per_floor":["M","$","T","M","M","R","E","R","T","T","R","E","R","M","R","B",null,"M","?","$","M","M","E","R","M","T","R","M","E","M","E","R","B",null,"M","?","M","M","$","E","R","M","T","?","E","?","E","?","R","B","B",null,"R","$","E","B",null],"character_chosen":"THE_SILENT","items_purchased":["Flash of Steel","Footwork","OrangePellets","Infinite Blades"],"campfire_rested":1,"item_purchase_floors":[20,20,39,54],"current_hp_per_floor":[59,59,59,59,53,53,25,25,25,25,25,30,30,42,42,35,58,48,48,48,48,44,25,25,22,22,41,41,33,45,45,45,20,55,54,54,54,54,54,54,54,49,49,39,39,39,38,38,38,40,28,57,57,57,56,15],"gold":65,"neow_bonus":"THREE_CARDS","is_prod":false,"is_daily":false,"chose_seed":false,"campfire_upgraded":9,"win_rate":0,"timestamp":1548810878,"path_taken":["M","?","?","M","M","R","E","R","T","?","R","E","R","M","R","BOSS","M","?","$","?","M","E","R","M","T","R","M","E","M","E","R","BOSS","M","?","M","M","$","E","R","?","T","?","E","?","E","?","R","BOSS","BOSS","R","$","E","BOSS"],"build_version":"2019-01-23","purchased_purges":3,"victory":true,"max_hp_per_floor":[66,66,66,66,66,66,66,66,66,66,66,66,66,66,66,66,66,66,66,66,66,66,66,66,66,66,66,66,66,66,66,66,66,66,66,66,66,66,66,66,66,66,66,66,66,66,66,66,66,66,66,66,66,66,66,66],"card_choices":[{"not_picked":["Deflect","Flying Knee"],"picked":"Poisoned Stab","floor":0},{"not_picked":["Acrobatics","Blade Dance"],"picked":"Quick Slash","floor":1},{"not_picked":["Heel Hook","Blade Dance"],"picked":"Backflip","floor":4},{"not_picked":["PiercingWail","Deflect"],"picked":"Bane","floor":5},{"not_picked":["Riddle With Holes","Prepared"],"picked":"Blade Dance","floor":7},{"not_picked":["Backflip","Grand Finale"],"picked":"PiercingWail","floor":12},{"not_picked":["Flying Knee","Deadly Poison"],"picked":"Escape Plan","floor":14},{"not_picked":["Tools of the Trade","Phantasmal Killer"],"picked":"Malaise","floor":16},{"not_picked":["Flying Knee","Sucker Punch"],"picked":"PiercingWail","floor":18},{"not_picked":["Dodge and Roll","Bane+1"],"picked":"Blade Dance","floor":21},{"not_picked":["Riddle With Holes","Bouncing Flask","Heel Hook"],"picked":"SKIP","floor":22},{"not_picked":["Poisoned Stab","Slice"],"picked":"Backflip","floor":23},{"not_picked":["Calculated Gamble","Cloak And Dagger"],"picked":"Well Laid Plans","floor":25},{"not_picked":["Backflip","Bane+1"],"picked":"Blade Dance","floor":28},{"not_picked":["Storm of Steel","Choke"],"picked":"Calculated Gamble","floor":29},{"not_picked":["Caltrops","Endless Agony"],"picked":"Dodge and Roll","floor":30},{"not_picked":["Slice","Riddle With Holes"],"picked":"Acrobatics+1","floor":31},{"not_picked":["Die Die Die","Burst"],"picked":"Adrenaline","floor":33},{"not_picked":[],"picked":"Deflect+1","floor":35},{"not_picked":["Outmaneuver"],"picked":"SKIP","floor":37},{"not_picked":["Outmaneuver"],"picked":"SKIP","floor":38},{"not_picked":[],"picked":"Caltrops","floor":40},{"not_picked":[],"picked":"Dodge and Roll","floor":42},{"not_picked":["Endless Agony"],"picked":"SKIP","floor":45},{"not_picked":["Deadly Poison"],"picked":"SKIP","floor":47},{"not_picked":["Deadly Poison"],"picked":"SKIP","floor":47},{"not_picked":["Underhanded Strike"],"picked":"SKIP","floor":55}],"player_experience":4572614,"relics_obtained":[{"floor":3,"key":"Meat on the Bone"},{"floor":7,"key":"Shuriken"},{"floor":9,"key":"Tiny Chest"},{"floor":10,"key":"Ornamental Fan"},{"floor":12,"key":"Mummified Hand"},{"floor":23,"key":"Bag of Preparation"},{"floor":26,"key":"Paper Crane"},{"floor":29,"key":"PreservedInsect"},{"floor":40,"key":"Mercury Hourglass"},{"floor":45,"key":"Letter Opener"},{"floor":46,"key":"Unceasing Top"},{"floor":47,"key":"Lantern"},{"floor":55,"key":"Gremlin Horn"}],"event_choices":[{"damage_healed":0,"gold_gain":0,"player_choice":"Upgraded","damage_taken":0,"max_hp_gain":0,"max_hp_loss":0,"event_name":"Upgrade Shrine","floor":19,"gold_loss":0,"cards_upgraded":["Malaise"]},{"cards_removed":["Strike_G"],"damage_healed":0,"gold_gain":0,"player_choice":"Upgrade and Remove","damage_taken":0,"max_hp_gain":0,"max_hp_loss":0,"event_name":"Designer","floor":36,"gold_loss":110,"cards_upgraded":["Defend_G"]},{"damage_healed":0,"gold_gain":0,"player_choice":"Memory 3","damage_taken":10,"max_hp_gain":0,"max_hp_loss":0,"event_name":"SensoryStone","floor":44,"gold_loss":0},{"damage_healed":0,"gold_gain":0,"player_choice":"Fight","damage_taken":0,"max_hp_gain":0,"max_hp_loss":0,"event_name":"MindBloom","floor":46,"gold_loss":0},{"damage_healed":0,"gold_gain":0,"player_choice":"Ignored","damage_taken":0,"max_hp_gain":0,"max_hp_loss":0,"event_name":"Tomb of Lord Red Mask","floor":48,"gold_loss":0}],"is_beta":true,"boss_relics":[{"not_picked":["Runic Dome","White Beast Statue"],"picked":"Lizard Tail"},{"not_picked":["Eternal Feather","Tiny House"],"picked":"Busted Crown"}],"items_purged_floors":[2,20,54],"is_endless":false,"potions_floor_spawned":[4,7,12,16,21,25,28,29,35,38,46,47,55],"ascension_level":20}