{"gold_per_floor":[360,372,372,117,117,117,151,151,151,176,14,14,24,24,24,100,100,112,2,21,21,21,21,55,74,74,92,92,109,109,123,123,196,196,206,225,1224,1236,493,493,519,519,543,27,44,44,44,59,59,59,59,59,59,6,34,34],"floor_reached":56,"playtime":5247,"items_purged":["Strike_G","Normality"],"score":1881,"play_id":"a51a4268-de17-48bf-88a3-34951905f2f4","local_time":"20190128165752","is_ascension_mode":true,"campfire_choices":[{"data":"Dagger Spray","floor":6,"key":"SMITH"},{"floor":8,"key":"REST"},{"data":"Deadly Poison","floor":15,"key":"SMITH"},{"data":"Noxious Fumes","floor":23,"key":"SMITH"},{"floor":28,"key":"REST"},{"data":"Malaise","floor":30,"key":"SMITH"},{"data":"Well Laid Plans","floor":32,"key":"SMITH"},{"floor":40,"key":"REST"},{"floor":42,"key":"REST"},{"floor":47,"key":"RECALL"},{"floor":49,"key":"REST"},{"floor":53,"key":"REST"}],"neow_cost":"TEN_PERCENT_HP_LOSS","seed_source_timestamp":453912929074487,"circlet_count":0,"master_deck":["AscendersBane","Defend_G","Defend_G","Defend_G","Defend_G","Survivor+1","Neutralize","Dagger Spray+1","PiercingWail","Well Laid Plans+1","Leg Sweep","Bouncing Flask","Deadly Poison+1","Deadly Poison","Malaise+1","Noxious Fumes+1","Dodge and Roll","Burst","Caltrops+1","Backflip","Acrobatics","Normality","Acrobatics+1","Deflect+1","Noxious Fumes","Deflect+1","Deflect+1","Leg Sweep+1","Venomology+1","Crippling Poison+1"],"relics":["Ring of the Snake","Centennial Puzzle","Mercury Hourglass","Bag of Preparation","Velvet Choker","Bird Faced Urn","Blue Candle","Empty Cage","Toxic Egg 2","Art of War","Dream Catcher","Potion Belt","TwistedFunnel","Darkstone Periapt","Pantograph"],"potions_floor_usage":[7,10,16,24,33,39,41,41,50,51,55,55,56,56,56,56,56,56,56],"damage_taken":[{"damage":0,"enemies":"Small Slimes","floor":1,"turns":4},{"damage":3,"enemies":"2 Louse","floor":2,"turns":4},{"damage":37,"enemies":"Gremlin Nob","floor":7,"turns":5},{"damage":3,"enemies":"3 Sentries","floor":10,"turns":7},{"damage":0,"enemies":"Jaw Worm","floor":13,"turns":3},{"damage":0,"enemies":"The Guardian","floor":16,"turns":8},{"damage":0,"enemies":"Spheric Guardian","floor":18,"turns":3},{"damage":8,"enemies":"Shell Parasite","floor":20,"turns":6},{"damage":20,"enemies":"Book of Stabbing","floor":24,"turns":8},{"damage":0,"enemies":"Sentry and Sphere","floor":25,"turns":3},{"damage":18,"enemies":"Snake Plant","floor":27,"turns":3},{"damage":7,"enemies":"Shelled Parasite and Fungi","floor":29,"turns":6},{"damage":0,"enemies":"Snecko","floor":31,"turns":5},{"damage":49,"enemies":"Collector","floor":33,"turns":10},{"damage":1,"enemies":"Orb Walker","floor":35,"turns":5},{"damage":0,"enemies":"3 Shapes","floor":36,"turns":5},{"damage":50,"enemies":"Spire Growth","floor":38,"turns":7},{"damage":43,"enemies":"Giant Head","floor":41,"turns":10},{"damage":1,"enemies":"3 Darklings","floor":45,"turns":5},{"damage":18,"enemies":"Transient","floor":48,"turns":6},{"damage":43,"enemies":"Awakened One","floor":50,"turns":23},{"damage":24,"enemies":"Donu and Deca","floor":51,"turns":11},{"damage":31,"enemies":"Shield and Spear","floor":55,"turns":8},{"damage":79,"enemies":"The Heart","floor":56,"turns":9}],"seed_played":"-3542765791241703827","potions_obtained":[{"floor":1,"key":"Explosive Potion"},{"floor":10,"key":"GamblersBrew"},{"floor":13,"key":"FearPotion"},{"floor":18,"key":"EssenceOfSteel"},{"floor":22,"key":"Dexterity Potion"},{"floor":29,"key":"Explosive Potion"},{"floor":31,"key":"Regen Potion"},{"floor":35,"key":"Weak Potion"},{"floor":41,"key":"Weak Potion"},{"floor":48,"key":"Regen Potion"}],"is_trial":false,"path_per_floor":["M","M","?","$","?","R","E","R","T","E","$","?","M","?","R","B",null,"M","?","M","$","?","R","E","M","T","M","R","M","R","M","R","B",null,"M","M","?","M","$","R","E","R","T","$","M","?","R","M","R","B","B",null,"R","$","E","B"],"character_chosen":"THE_SILENT","items_purchased":["Well Laid Plans","Leg Sweep","Fire Potion","Bag of Preparation","Toxic Egg 2","Fruit Juice","Acrobatics+1","Deflect+1","EssenceOfSteel","Noxious Fumes","Potion Belt","EntropicBrew","Deflect+1","TwistedFunnel","AttackPotion"],"campfire_rested":6,"item_purchase_floors":[4,4,4,11,39,39,39,39,39,39,44,44,44,44,54],"current_hp_per_floor":[59,56,61,61,54,54,17,36,36,33,33,7,7,7,7,7,51,51,51,43,43,43,43,23,27,27,13,32,29,29,33,33,5,50,53,59,59,15,20,41,6,27,27,27,34,34,34,24,45,25,9,55,70,70,43,0],"gold":34,"neow_bonus":"TWO_FIFTY_GOLD","is_prod":false,"is_daily":false,"chose_seed":false,"campfire_upgraded":5,"win_rate":0,"timestamp":1548723472,"path_taken":["M","M","?","$","?","R","E","R","T","E","$","?","?","?","R","BOSS","M","?","?","$","?","R","E","?","T","M","R","M","R","M","R","BOSS","M","M","?","M","$","R","E","R","T","?","M","?","R","M","R","BOSS","BOSS","R","$","E","BOSS"],"build_version":"2019-01-23","purchased_purges":2,"victory":false,"max_hp_per_floor":[60,60,65,65,65,65,65,65,65,65,65,65,65,65,65,65,65,65,65,65,65,65,65,65,65,65,65,65,65,65,65,65,65,65,65,65,65,65,70,70,70,70,70,70,70,70,70,70,70,70,70,70,70,70,70,70],"card_choices":[{"not_picked":["Catalyst","Dodge and Roll"],"picked":"Dagger Spray","floor":1},{"not_picked":["All Out Attack","Blade Dance"],"picked":"PiercingWail","floor":2},{"not_picked":["PiercingWail","Bane"],"picked":"Bouncing Flask","floor":7},{"not_picked":["Venomology","Blur"],"picked":"Deadly Poison","floor":10},{"not_picked":["Poisoned Stab","Slice"],"picked":"Deadly Poison","floor":13},{"not_picked":["Burst","Venomology"],"picked":"Malaise","floor":16},{"not_picked":["Slice","Outmaneuver","Reflex"],"picked":"SKIP","floor":18},{"not_picked":["Sucker Punch","Prepared"],"picked":"Noxious Fumes","floor":20},{"not_picked":["Outmaneuver","Flying Knee"],"picked":"Dodge and Roll","floor":24},{"not_picked":["Noxious Fumes","Poisoned Stab"],"picked":"Burst","floor":25},{"not_picked":["Accuracy","Blade Dance","Quick Slash"],"picked":"SKIP","floor":27},{"not_picked":["Underhanded Strike","Cloak And Dagger+1","Quick Slash+1"],"picked":"SKIP","floor":29},{"not_picked":["Predator","Crippling Poison"],"picked":"Caltrops+1","floor":31},{"not_picked":["Slice+1","Deadly Poison"],"picked":"Backflip","floor":35},{"not_picked":["Poisoned Stab","Riddle With Holes"],"picked":"Acrobatics","floor":36},{"not_picked":["Flying Knee","Escape Plan","Outmaneuver+1"],"picked":"SKIP","floor":38},{"not_picked":["Heel Hook","Acrobatics+1","Masterful Stab+1"],"picked":"SKIP","floor":41},{"not_picked":["Grand Finale","Quick Slash"],"picked":"Deflect+1","floor":45},{"not_picked":["Cloak And Dagger+1","Dagger Spray"],"picked":"Leg Sweep+1","floor":48},{"not_picked":["Prepared+1","Concentrate+1"],"picked":"Venomology+1","floor":49},{"not_picked":["Poisoned Stab","Deflect+1"],"picked":"Crippling Poison+1","floor":53},{"not_picked":["Slice","Blade Dance+1","Dagger Throw"],"picked":"SKIP","floor":55}],"player_experience":4563953,"relics_obtained":[{"floor":7,"key":"Centennial Puzzle"},{"floor":10,"key":"Mercury Hourglass"},{"floor":24,"key":"Bird Faced Urn"},{"floor":26,"key":"Blue Candle"},{"floor":41,"key":"Art of War"},{"floor":43,"key":"Dream Catcher"},{"floor":55,"key":"Pantograph"}],"event_choices":[{"damage_healed":0,"gold_gain":0,"player_choice":"Donut","damage_taken":0,"max_hp_gain":5,"max_hp_loss":0,"event_name":"Big Fish","floor":3,"gold_loss":0},{"cards_removed":["Defend_G"],"damage_healed":0,"gold_gain":0,"player_choice":"Card Removal","damage_taken":7,"max_hp_gain":0,"max_hp_loss":0,"event_name":"Golden Wing","floor":5,"gold_loss":0},{"damage_healed":0,"gold_gain":0,"player_choice":"Fled","damage_taken":26,"max_hp_gain":0,"max_hp_loss":0,"event_name":"Scrap Ooze","floor":12,"gold_loss":0},{"cards_removed":["Strike_G"],"damage_healed":0,"gold_gain":0,"player_choice":"Forget","damage_taken":0,"max_hp_gain":0,"max_hp_loss":0,"event_name":"Living Wall","floor":14,"gold_loss":0},{"cards_removed":["Strike_G"],"damage_healed":0,"gold_gain":0,"player_choice":"Upgrade and Remove","damage_taken":0,"max_hp_gain":0,"max_hp_loss":0,"event_name":"Designer","floor":19,"gold_loss":110,"cards_upgraded":["Survivor"]},{"damage_healed":0,"gold_gain":0,"player_choice":"Got Potions","damage_taken":0,"max_hp_gain":0,"max_hp_loss":0,"event_name":"Lab","floor":22,"gold_loss":0},{"damage_healed":0,"gold_gain":999,"player_choice":"Gold","damage_taken":0,"max_hp_gain":0,"max_hp_loss":0,"event_name":"MindBloom","floor":37,"gold_loss":0,"cards_obtained":["Normality","Normality"]},{"damage_healed":0,"gold_gain":0,"player_choice":"Gave Potion","damage_taken":0,"relics_obtained":["Darkstone Periapt"],"max_hp_gain":0,"max_hp_loss":0,"event_name":"WeMeetAgain","floor":46,"gold_loss":0}],"is_beta":true,"boss_relics":[{"not_picked":["Astrolabe","Fusion Hammer"],"picked":"Velvet Choker"},{"not_picked":["Cursed Key","Busted Crown"],"picked":"Empty Cage"}],"items_purged_floors":[4,39],"is_endless":false,"potions_floor_spawned":[1,10,13,18,29,31,35,41,48],"killed_by":"The Heart","ascension_level":20}