{"gold_per_floor":[216,232,232,246,259,259,294,294,344,363,438,471,471,486,486,560,560,578,578,597,597,613,613,638,638,662,57,107,21,52,52,52,125,125,139,39,39,54,68,68,97,107,134,134,134,9,340,386,386,386],"floor_reached":50,"playtime":3117,"items_purged":["Doubt","Prepared","Decay"],"score":1167,"play_id":"6a5232c2-8a04-4aac-ac34-2fb4967cd496","local_time":"20190131153136","is_ascension_mode":true,"campfire_choices":[{"data":"Dagger Spray","floor":6,"key":"SMITH"},{"data":"Crippling Poison","floor":8,"key":"SMITH"},{"floor":15,"key":"REST"},{"floor":23,"key":"REST"},{"floor":25,"key":"REST"},{"data":"Skewer","floor":32,"key":"SMITH"},{"floor":40,"key":"REST"},{"floor":44,"key":"REST"},{"floor":49,"key":"RECALL"}],"neow_cost":"NONE","seed_source_timestamp":190243464186687,"circlet_count":0,"master_deck":["AscendersBane","Survivor","Neutralize","Dagger Spray","Dagger Spray+1","Calculated Gamble","Crippling Poison+1","Dodge and Roll","Blade Dance","Adrenaline","Quick Slash","PiercingWail+1","Skewer+1","Backflip","Infinite Blades","Footwork","Blur","Necronomicurse","Corpse Explosion","Blade Dance","Underhanded Strike","Heel Hook","Dagger Spray","Crippling Poison","Endless Agony","Tools of the Trade","Acrobatics","Tools of the Trade","Noxious Fumes","Footwork","Prepared+1","Calculated Gamble","Backflip+1","Well Laid Plans"],"relics":["Ring of the Snake","Shuriken","Regal Pillow","Snake Skull","Cursed Key","Happy Flower","Bronze Scales","Potion Belt","Oddly Smooth Stone","Necronomicon","Pandora\u0027s Box","Anchor","Juzu Bracelet","Old Coin","Dead Branch"],"potions_floor_usage":[4,7,12,18,30,33,33,42,48,50],"damage_taken":[{"damage":0,"enemies":"Jaw Worm","floor":1,"turns":5},{"damage":4,"enemies":"Small Slimes","floor":2,"turns":3},{"damage":1,"enemies":"Cultist","floor":4,"turns":5},{"damage":0,"enemies":"2 Fungi Beasts","floor":5,"turns":3},{"damage":10,"enemies":"3 Sentries","floor":7,"turns":6},{"damage":6,"enemies":"Red Slaver","floor":10,"turns":3},{"damage":17,"enemies":"Lagavulin","floor":12,"turns":7},{"damage":0,"enemies":"Looter","floor":14,"turns":4},{"damage":53,"enemies":"Slime Boss","floor":16,"turns":10},{"damage":16,"enemies":"Spheric Guardian","floor":18,"turns":6},{"damage":0,"enemies":"3 Byrds","floor":20,"turns":3},{"damage":20,"enemies":"Snecko","floor":22,"turns":6},{"damage":19,"enemies":"Gremlin Leader","floor":24,"turns":4},{"damage":8,"enemies":"Book of Stabbing","floor":30,"turns":6},{"damage":16,"enemies":"Champ","floor":33,"turns":11},{"damage":3,"enemies":"3 Darklings","floor":35,"turns":2},{"damage":0,"enemies":"Orb Walker","floor":38,"turns":2},{"damage":18,"enemies":"Writhing Mass","floor":39,"turns":6},{"damage":49,"enemies":"Giant Head","floor":41,"turns":6},{"damage":0,"enemies":"Jaw Worm Horde","floor":42,"turns":2},{"damage":14,"enemies":"Nemesis","floor":47,"turns":6},{"damage":0,"enemies":"2 Orb Walkers","floor":48,"turns":2},{"damage":64,"enemies":"Time Eater","floor":50,"turns":9}],"seed_played":"-6148309469199857421","potions_obtained":[{"floor":1,"key":"Regen Potion"},{"floor":2,"key":"Block Potion"},{"floor":5,"key":"Block Potion"},{"floor":10,"key":"GhostInAJar"},{"floor":14,"key":"Weak Potion"},{"floor":18,"key":"EssenceOfSteel"},{"floor":19,"key":"Fire Potion"},{"floor":24,"key":"Dexterity Potion"},{"floor":30,"key":"Fire Potion"},{"floor":38,"key":"SteroidPotion"},{"floor":47,"key":"SteroidPotion"},{"floor":48,"key":"Block Potion"}],"is_trial":false,"path_per_floor":["M","M","?","M","M","R","E","R","T","M","?","E","?","M","R","B",null,"M","?","M","?","M","R","E","R","T","$","?","$","E","?","R","B",null,"M","$","?","M","M","R","E","M","T","R","?","$","E","?","R","B"],"character_chosen":"THE_SILENT","items_purchased":["Backflip","Infinite Blades","Bronze Scales","Potion Belt","Dexterity Potion","Footwork"],"campfire_rested":5,"item_purchase_floors":[27,27,27,27,27,29],"current_hp_per_floor":[59,55,60,71,71,71,61,61,61,55,44,27,27,27,63,10,56,40,40,40,40,20,56,37,71,71,71,64,64,56,35,35,19,58,55,55,55,55,37,71,22,22,22,58,58,58,44,44,44,0],"gold":386,"neow_bonus":"HUNDRED_GOLD","is_prod":false,"is_daily":false,"chose_seed":false,"campfire_upgraded":3,"win_rate":0,"timestamp":1548977496,"path_taken":["M","M","?","M","M","R","E","R","T","M","?","E","?","M","R","BOSS","M","?","?","?","?","R","E","R","T","$","?","?","E","?","R","BOSS","M","$","?","M","?","R","E","M","T","R","?","$","E","?","R","BOSS"],"build_version":"2019-01-23","purchased_purges":3,"victory":false,"max_hp_per_floor":[66,66,71,71,71,71,71,71,71,71,71,71,71,71,71,71,71,71,71,71,71,71,71,71,71,71,71,71,71,71,71,71,71,71,71,71,71,71,71,71,71,71,71,71,67,67,67,67,67,67],"card_choices":[{"not_picked":["Heel Hook","Outmaneuver"],"picked":"Dagger Spray","floor":1},{"not_picked":["Terror","Endless Agony"],"picked":"Dagger Spray","floor":2},{"not_picked":["Expertise","Flechettes","Cloak And Dagger"],"picked":"SKIP","floor":4},{"not_picked":["Dodge and Roll","Blade Dance"],"picked":"Calculated Gamble","floor":5},{"not_picked":["Accuracy","Deflect"],"picked":"Crippling Poison","floor":7},{"not_picked":["Underhanded Strike","Deflect","Deadly Poison"],"picked":"SKIP","floor":10},{"not_picked":["Heel Hook","Outmaneuver"],"picked":"Dodge and Roll","floor":12},{"not_picked":["Underhanded Strike","Catalyst"],"picked":"Blade Dance","floor":14},{"not_picked":["Grand Finale","Corpse Explosion"],"picked":"Adrenaline","floor":16},{"not_picked":["Riddle With Holes","Poisoned Stab"],"picked":"Quick Slash","floor":18},{"not_picked":["Prepared","Bane"],"picked":"PiercingWail+1","floor":20},{"not_picked":["Reflex","Tactician"],"picked":"Skewer","floor":22},{"not_picked":["Dagger Spray","Deflect","All Out Attack"],"picked":"SKIP","floor":24},{"not_picked":["Quick Slash","Poisoned Stab"],"picked":"Blur","floor":30},{"not_picked":["Doppelganger","A Thousand Cuts"],"picked":"Corpse Explosion","floor":33},{"not_picked":["Cloak And Dagger","Backstab+1"],"picked":"Noxious Fumes","floor":35},{"not_picked":["Dagger Spray","Poisoned Stab+1"],"picked":"Footwork","floor":38},{"not_picked":["Eviscerate","Dagger Spray+1"],"picked":"Prepared+1","floor":39},{"not_picked":["Dagger Spray","Distraction"],"picked":"Calculated Gamble","floor":41},{"not_picked":["Crippling Poison","Setup+1"],"picked":"Backflip+1","floor":42},{"not_picked":["Calculated Gamble","Prepared"],"picked":"Well Laid Plans","floor":47}],"player_experience":4609476,"relics_obtained":[{"floor":7,"key":"Shuriken"},{"floor":9,"key":"Regal Pillow"},{"floor":12,"key":"Snake Skull"},{"floor":24,"key":"Happy Flower"},{"floor":30,"key":"Oddly Smooth Stone"},{"floor":31,"key":"Necronomicon"},{"floor":41,"key":"Anchor"},{"floor":43,"key":"Juzu Bracelet"},{"floor":47,"key":"Old Coin"},{"floor":48,"key":"Dead Branch"}],"event_choices":[{"damage_healed":0,"gold_gain":0,"player_choice":"Donut","damage_taken":0,"max_hp_gain":5,"max_hp_loss":0,"event_name":"Big Fish","floor":3,"gold_loss":0},{"damage_healed":0,"gold_gain":75,"player_choice":"Gather Gold","damage_taken":11,"max_hp_gain":0,"max_hp_loss":0,"event_name":"World of Goop","floor":11,"gold_loss":0},{"damage_healed":0,"gold_gain":0,"player_choice":"Ignored","damage_taken":0,"max_hp_gain":0,"max_hp_loss":0,"event_name":"Liars Game","floor":13,"gold_loss":0},{"damage_healed":0,"gold_gain":0,"player_choice":"Got Potions","damage_taken":0,"max_hp_gain":0,"max_hp_loss":0,"event_name":"Lab","floor":19,"gold_loss":0},{"damage_healed":0,"gold_gain":0,"player_choice":"Ignored","damage_taken":0,"max_hp_gain":0,"max_hp_loss":0,"event_name":"N\u0027loth","floor":21,"gold_loss":0},{"damage_healed":0,"gold_gain":50,"player_choice":"Touch","damage_taken":7,"max_hp_gain":0,"max_hp_loss":0,"event_name":"FaceTrader","floor":28,"gold_loss":0},{"damage_healed":0,"gold_gain":0,"player_choice":"Obtained Book","damage_taken":21,"max_hp_gain":0,"max_hp_loss":0,"event_name":"Cursed Tome","floor":31,"gold_loss":0},{"damage_healed":0,"gold_gain":0,"player_choice":"Ignored","damage_taken":0,"max_hp_gain":0,"max_hp_loss":0,"event_name":"SecretPortal","floor":37,"gold_loss":0},{"damage_healed":0,"gold_gain":0,"player_choice":"Max HP","damage_taken":0,"max_hp_gain":0,"max_hp_loss":4,"event_name":"Winding Halls","floor":45,"gold_loss":0},{"damage_healed":0,"gold_gain":0,"player_choice":"Fight","damage_taken":0,"max_hp_gain":0,"max_hp_loss":0,"event_name":"Mysterious Sphere","floor":48,"gold_loss":0}],"is_beta":true,"boss_relics":[{"not_picked":["Ring of the Serpent","Eternal Feather"],"picked":"Cursed Key"},{"not_picked":["Empty Cage","Fusion Hammer"],"picked":"Pandora\u0027s Box"}],"items_purged_floors":[27,36,46],"is_endless":false,"potions_floor_spawned":[1,2,5,10,14,18,24,30,38,47,48],"killed_by":"Time Eater","ascension_level":20}