{"gold_per_floor":[115,115,40,40,190,220,220,248,248,248,262,33,33,44,44,115,115,133,48,148,423,97,97,97],"floor_reached":24,"playtime":918,"items_purged":["Strike_R","Regret"],"score":496,"play_id":"d71ec6a3-b0c2-402c-ad89-23a1a69e9545","local_time":"20190129154820","is_ascension_mode":true,"campfire_choices":[{"data":"Shrug It Off","floor":7,"key":"SMITH"},{"data":"Spot Weakness","floor":10,"key":"SMITH"},{"data":"Shrug It Off","floor":13,"key":"SMITH"},{"data":"Defend_R","floor":15,"key":"SMITH"},{"floor":23,"key":"REST"}],"neow_cost":"NONE","seed_source_timestamp":20645595844581,"circlet_count":0,"master_deck":["AscendersBane","Strike_R","Strike_R","Strike_R","Strike_R","Defend_R+1","Defend_R","Defend_R","Defend_R","Bash+1","Shrug It Off+1","Doubt","Spot Weakness+1","Shrug It Off+1","Clothesline+1","Impervious","Thunderclap+1","Impervious","Corruption"],"relics":["Burning Blood","NeowsBlessing","Centennial Puzzle","Incense Burner","Molten Egg 2","Medical Kit","Philosopher\u0027s Stone","Peace Pipe","Bird Faced Urn","Singing Bowl"],"potions_floor_usage":[18,20,20,24],"damage_taken":[{"damage":0,"enemies":"Small Slimes","floor":1,"turns":1},{"damage":0,"enemies":"3 Sentries","floor":6,"turns":1},{"damage":0,"enemies":"Gremlin Nob","floor":8,"turns":1},{"damage":7,"enemies":"2 Louse","floor":11,"turns":3},{"damage":1,"enemies":"Jaw Worm","floor":14,"turns":6},{"damage":43,"enemies":"Hexaghost","floor":16,"turns":13},{"damage":30,"enemies":"3 Byrds","floor":18,"turns":7},{"damage":11,"enemies":"Colosseum Slavers","floor":20,"turns":10},{"damage":29,"enemies":"Colosseum Nobs","floor":20,"turns":6},{"damage":61,"enemies":"Slavers","floor":24,"turns":5}],"seed_played":"3706409413676185861","potions_obtained":[{"floor":14,"key":"SkillPotion"},{"floor":16,"key":"BloodPotion"},{"floor":18,"key":"Strength Potion"}],"is_trial":false,"path_per_floor":["M","?","$","?","?","E","R","E","T","R","M","$","R","M","R","B",null,"M","?","?","?","$","R","E"],"character_chosen":"IRONCLAD","items_purchased":["Medical Kit","Impervious","Corruption","Fire Potion"],"campfire_rested":1,"item_purchase_floors":[12,22,22,22],"current_hp_per_floor":[74,79,79,79,79,80,80,80,80,80,79,79,79,80,80,43,71,47,47,29,29,29,53,0],"gold":97,"neow_bonus":"THREE_ENEMY_KILL","is_prod":false,"is_daily":false,"chose_seed":false,"campfire_upgraded":4,"win_rate":0,"timestamp":1548805700,"path_taken":["M","?","$","?","?","E","R","E","T","R","M","$","R","M","R","BOSS","M","?","?","?","$","R","E"],"build_version":"2019-01-23","purchased_purges":2,"victory":false,"max_hp_per_floor":[75,80,80,80,80,80,80,80,80,80,80,80,80,80,80,80,80,80,80,82,82,82,82,82],"card_choices":[{"not_picked":["Armaments","Bloodletting"],"picked":"Shrug It Off","floor":1},{"not_picked":["Barricade","Havoc","Perfected Strike"],"picked":"SKIP","floor":6},{"not_picked":["Wild Strike","Sentinel"],"picked":"Spot Weakness","floor":8},{"not_picked":["Cleave+1","Perfected Strike+1"],"picked":"Shrug It Off","floor":11},{"not_picked":["Headbutt+1","Cleave+1"],"picked":"Clothesline+1","floor":14},{"not_picked":["Brutality","Double Tap"],"picked":"Impervious","floor":16},{"not_picked":["Flex","Warcry"],"picked":"Thunderclap+1","floor":18},{"not_picked":["Infernal Blade","Sever Soul+1","Havoc+1"],"picked":"Singing Bowl","floor":20}],"player_experience":4571696,"relics_obtained":[{"floor":6,"key":"Centennial Puzzle"},{"floor":8,"key":"Incense Burner"},{"floor":9,"key":"Molten Egg 2"},{"floor":20,"key":"Bird Faced Urn"},{"floor":20,"key":"Singing Bowl"}],"event_choices":[{"damage_healed":0,"gold_gain":0,"player_choice":"Donut","damage_taken":0,"max_hp_gain":5,"max_hp_loss":0,"event_name":"Big Fish","floor":2,"gold_loss":0},{"damage_healed":0,"gold_gain":0,"player_choice":"Grow","damage_taken":0,"max_hp_gain":0,"max_hp_loss":0,"event_name":"Living Wall","floor":4,"gold_loss":0,"cards_upgraded":["Bash"]},{"damage_healed":0,"gold_gain":150,"player_choice":"AGREE","damage_taken":0,"max_hp_gain":0,"max_hp_loss":0,"event_name":"Liars Game","floor":5,"gold_loss":0,"cards_obtained":["Doubt"]},{"damage_healed":0,"gold_gain":0,"player_choice":"Obtained Relic","damage_taken":0,"relics_obtained":["Peace Pipe"],"max_hp_gain":0,"max_hp_loss":0,"event_name":"Addict","floor":19,"gold_loss":85},{"damage_healed":0,"gold_gain":0,"player_choice":"Fight","damage_taken":0,"max_hp_gain":0,"max_hp_loss":0,"event_name":"Colosseum","floor":20,"gold_loss":0},{"damage_healed":0,"gold_gain":0,"player_choice":"Fought Nobs","damage_taken":0,"max_hp_gain":0,"max_hp_loss":0,"event_name":"Colosseum","floor":20,"gold_loss":0},{"damage_healed":0,"gold_gain":275,"player_choice":"Desecrate","damage_taken":0,"max_hp_gain":0,"max_hp_loss":0,"event_name":"Golden Shrine","floor":21,"gold_loss":0,"cards_obtained":["Regret"]}],"is_beta":true,"boss_relics":[{"not_picked":["Eternal Feather","White Beast Statue"],"picked":"Philosopher\u0027s Stone"}],"items_purged_floors":[3,22],"is_endless":false,"potions_floor_spawned":[14,16,18],"killed_by":"Slavers","ascension_level":20}