{"gold_per_floor":[116,36,52,52,52,52,81,97,97,124,124,140,140,155,155,226,226,146,146,166,2,202,237,237,255,255,255,281,298,298,4,4,78,78,89,89,103,113,113,113],"floor_reached":40,"playtime":2572,"items_purged":["Strike_G"],"score":964,"play_id":"596a3687-72dc-45fe-9d1b-54d6a610e784","local_time":"20190127163947","is_ascension_mode":true,"campfire_choices":[{"data":"Dagger Spray","floor":6,"key":"SMITH"},{"data":"A Thousand Cuts","floor":11,"key":"SMITH"},{"data":"Footwork","floor":13,"key":"SMITH"},{"floor":15,"key":"REST"},{"floor":24,"key":"REST"},{"data":"Wraith Form v2","floor":27,"key":"SMITH"},{"floor":30,"key":"REST"},{"data":"Choke","floor":32,"key":"SMITH"}],"neow_cost":"NONE","seed_source_timestamp":369097890410644,"circlet_count":0,"master_deck":["AscendersBane","Defend_G","Defend_G","Defend_G","Defend_G","Defend_G","Strike_G","Strike_G","Strike_G","Strike_G","Survivor","Neutralize+1","Dagger Spray+1","Footwork+1","Quick Slash","A Thousand Cuts+1","Leg Sweep","Backflip","Wraith Form v2+1","Dagger Throw","Necronomicurse","Dodge and Roll","Backflip+1","Underhanded Strike","Choke+1","Night Terror","Predator","Skewer"],"relics":["Ring of the Snake","NeowsBlessing","Snake Skull","Orichalcum","Sozu","Necronomicon","Bag of Preparation","Bottled Lightning","Mummified Hand","Membership Card","Eternal Feather"],"potions_floor_usage":[10,15,23,33],"damage_taken":[{"damage":0,"enemies":"Cultist","floor":1,"turns":1},{"damage":0,"enemies":"2 Louse","floor":3,"turns":1},{"damage":0,"enemies":"Lagavulin","floor":7,"turns":1},{"damage":9,"enemies":"Jaw Worm","floor":8,"turns":5},{"damage":23,"enemies":"3 Sentries","floor":10,"turns":7},{"damage":1,"enemies":"Looter","floor":12,"turns":4},{"damage":0,"enemies":"Exordium Wildlife","floor":14,"turns":6},{"damage":42,"enemies":"Slime Boss","floor":16,"turns":12},{"damage":0,"enemies":"2 Thieves","floor":18,"turns":4},{"damage":5,"enemies":"Shell Parasite","floor":20,"turns":10},{"damage":7,"enemies":"Book of Stabbing","floor":23,"turns":6},{"damage":9,"enemies":"Snake Plant","floor":25,"turns":7},{"damage":0,"enemies":"Gremlin Leader","floor":28,"turns":9},{"damage":13,"enemies":"3 Cultists","floor":29,"turns":4},{"damage":29,"enemies":"Collector","floor":33,"turns":13},{"damage":1,"enemies":"3 Darklings","floor":35,"turns":6},{"damage":7,"enemies":"3 Shapes","floor":37,"turns":7},{"damage":0,"enemies":"Sphere and 2 Shapes","floor":38,"turns":4},{"damage":77,"enemies":"Giant Head","floor":40,"turns":15}],"seed_played":"-8185868401008964550","potions_obtained":[{"floor":7,"key":"AttackPotion"},{"floor":8,"key":"Fruit Juice"},{"floor":12,"key":"PowerPotion"},{"floor":16,"key":"LiquidBronze"}],"is_trial":false,"path_per_floor":["M","$","M","?","?","R","E","M","T","E","R","M","R","M","R","B",null,"M","?","M","$","?","E","R","M","T","R","E","M","R","$","R","B",null,"M","?","M","M","?","E"],"character_chosen":"THE_SILENT","items_purchased":["Footwork","Bag of Preparation","Membership Card","Choke"],"campfire_rested":3,"item_purchase_floors":[2,21,31,31],"current_hp_per_floor":[59,59,59,64,64,64,64,55,55,32,32,31,31,31,58,16,61,61,40,35,35,35,28,50,41,41,41,41,28,50,50,50,21,62,61,61,54,54,54,0],"gold":113,"neow_bonus":"THREE_ENEMY_KILL","is_prod":false,"is_daily":false,"chose_seed":false,"campfire_upgraded":5,"win_rate":0,"timestamp":1548635987,"path_taken":["M","?","M","?","?","R","E","M","T","E","R","M","R","M","R","BOSS","M","?","M","$","?","E","R","M","T","R","E","M","R","$","R","BOSS","M","?","M","M","?","E"],"build_version":"2019-01-23","purchased_purges":1,"victory":false,"max_hp_per_floor":[66,66,66,71,71,71,71,71,71,71,71,71,71,71,76,76,76,76,76,76,76,76,76,76,76,76,76,76,76,76,76,76,76,76,76,72,72,72,72,72],"card_choices":[{"not_picked":["Sucker Punch","Backflip"],"picked":"Dagger Spray","floor":1},{"not_picked":["Deflect","Tactician","Sucker Punch"],"picked":"SKIP","floor":3},{"not_picked":["Reflex","Outmaneuver","Blade Dance"],"picked":"SKIP","floor":7},{"not_picked":["Dodge and Roll","Deflect"],"picked":"Quick Slash","floor":8},{"not_picked":["Backstab","Skewer"],"picked":"A Thousand Cuts","floor":10},{"not_picked":["All Out Attack","PiercingWail"],"picked":"Leg Sweep","floor":12},{"not_picked":["Slice","Prepared"],"picked":"Backflip","floor":14},{"not_picked":["Envenom","Burst"],"picked":"Wraith Form v2","floor":16},{"not_picked":["Quick Slash","Outmaneuver"],"picked":"Dagger Throw","floor":18},{"not_picked":["Blade Dance","Prepared","Heel Hook"],"picked":"SKIP","floor":20},{"not_picked":["Leg Sweep","Deflect"],"picked":"Dodge and Roll","floor":23},{"not_picked":["Concentrate","Finisher","Phantasmal Killer"],"picked":"SKIP","floor":25},{"not_picked":["Sucker Punch","Accuracy"],"picked":"Backflip+1","floor":28},{"not_picked":["Cloak And Dagger","Prepared"],"picked":"Underhanded Strike","floor":29},{"not_picked":["Venomology","Glass Knife"],"picked":"Night Terror","floor":33},{"not_picked":["Reflex","Outmaneuver","Concentrate+1"],"picked":"SKIP","floor":35},{"not_picked":["Slice+1","Caltrops+1"],"picked":"Predator","floor":37},{"not_picked":["Deflect","Leg Sweep"],"picked":"Skewer","floor":38}],"player_experience":4542007,"relics_obtained":[{"floor":7,"key":"Snake Skull"},{"floor":10,"key":"Orichalcum"},{"floor":19,"key":"Necronomicon"},{"floor":23,"key":"Bottled Lightning"},{"floor":26,"key":"Mummified Hand"}],"event_choices":[{"damage_healed":0,"gold_gain":0,"player_choice":"Donut","damage_taken":0,"max_hp_gain":5,"max_hp_loss":0,"event_name":"Big Fish","floor":4,"gold_loss":0},{"damage_healed":0,"gold_gain":0,"player_choice":"Grow","damage_taken":0,"max_hp_gain":0,"max_hp_loss":0,"event_name":"Living Wall","floor":5,"gold_loss":0,"cards_upgraded":["Neutralize"]},{"damage_healed":0,"gold_gain":0,"player_choice":"Obtained Book","damage_taken":21,"max_hp_gain":0,"max_hp_loss":0,"event_name":"Cursed Tome","floor":19,"gold_loss":0},{"damage_healed":0,"gold_gain":200,"player_choice":"Gold","damage_taken":0,"max_hp_gain":0,"max_hp_loss":0,"event_name":"Wheel of Change","floor":22,"gold_loss":0},{"damage_healed":0,"gold_gain":0,"player_choice":"Max HP","damage_taken":0,"max_hp_gain":0,"max_hp_loss":4,"event_name":"Winding Halls","floor":36,"gold_loss":0},{"damage_healed":0,"gold_gain":0,"player_choice":"Ignored","damage_taken":0,"max_hp_gain":0,"max_hp_loss":0,"event_name":"SecretPortal","floor":39,"gold_loss":0}],"is_beta":true,"boss_relics":[{"not_picked":["WristBlade","Empty Cage"],"picked":"Sozu"},{"not_picked":["Busted Crown","Coffee Dripper"],"picked":"Eternal Feather"}],"items_purged_floors":[31],"is_endless":false,"potions_floor_spawned":[7,8,12,16,23,25,29,35,38],"killed_by":"Giant Head","ascension_level":20}