{"gold_per_floor":[18,30,30,30,45,62,75,75,75,110,125,125,142,24,24,99,99,118,43,43,61,80,80,99,132,179,179,179],"floor_reached":28,"playtime":1321,"items_purged":["Strike_B"],"score":484,"play_id":"f59a2870-53f1-4a8a-8dde-a1718a01b99d","local_time":"20190125162527","is_ascension_mode":true,"campfire_choices":[{"data":"Zap","floor":8,"key":"SMITH"},{"data":"Defragment","floor":12,"key":"SMITH"},{"data":"Static Discharge","floor":15,"key":"SMITH"},{"floor":23,"key":"REST"}],"neow_cost":"NO_GOLD","seed_source_timestamp":196686785957368,"circlet_count":0,"master_deck":["AscendersBane","Defend_B","Defend_B","Defend_B","Zap+1","Dualcast","Doom and Gloom","Leap","Defragment+1","Steam","Compile Driver","Reinforced Body","Static Discharge+1","Rainbow","Capacitor","Machine Learning","Normality","Buffer","BootSequence"],"relics":["Cracked Core","Bronze Scales","Strawberry","Fusion Hammer","Mummified Hand","Oddly Smooth Stone"],"potions_floor_usage":[21,25,25],"damage_taken":[{"damage":0,"enemies":"Cultist","floor":1,"turns":3},{"damage":6,"enemies":"Small Slimes","floor":2,"turns":5},{"damage":0,"enemies":"Jaw Worm","floor":5,"turns":5},{"damage":0,"enemies":"Blue Slaver","floor":6,"turns":4},{"damage":1,"enemies":"Lots of Slimes","floor":7,"turns":3},{"damage":11,"enemies":"3 Sentries","floor":10,"turns":5},{"damage":4,"enemies":"Large Slime","floor":11,"turns":4},{"damage":2,"enemies":"3 Louse","floor":13,"turns":3},{"damage":22,"enemies":"Slime Boss","floor":16,"turns":7},{"damage":5,"enemies":"Spheric Guardian","floor":18,"turns":3},{"damage":10,"enemies":"Shell Parasite","floor":21,"turns":3},{"damage":8,"enemies":"Snecko","floor":22,"turns":6},{"damage":4,"enemies":"Centurion and Healer","floor":24,"turns":7},{"damage":31,"enemies":"Slavers","floor":25,"turns":3},{"damage":27,"enemies":"Cultist and Chosen","floor":28,"turns":3}],"seed_played":"1341341755564621932","potions_obtained":[{"floor":1,"key":"EssenceOfSteel"},{"floor":6,"key":"Strength Potion"},{"floor":10,"key":"FocusPotion"},{"floor":18,"key":"Ancient Potion"},{"floor":22,"key":"GamblersBrew"},{"floor":24,"key":"Regen Potion"}],"is_trial":false,"path_per_floor":["M","M","$","?","M","M","M","R","T","E","M","R","M","$","R","B",null,"M","?","?","M","M","R","M","E","T","?","M"],"character_chosen":"DEFECT","items_purchased":["Static Discharge"],"campfire_rested":1,"item_purchase_floors":[14],"current_hp_per_floor":[64,58,58,58,58,58,57,57,57,53,49,49,47,47,47,25,65,60,60,38,28,20,44,40,21,21,21,0],"gold":179,"neow_bonus":"REMOVE_TWO","is_prod":false,"is_daily":false,"chose_seed":false,"campfire_upgraded":3,"win_rate":0,"timestamp":1548462327,"path_taken":["M","M","?","?","M","M","?","R","T","E","M","R","M","?","R","BOSS","M","?","?","M","M","R","M","E","T","?","M"],"build_version":"2019-01-23","purchased_purges":1,"victory":false,"max_hp_per_floor":[71,71,71,71,71,71,71,71,71,78,78,78,78,78,78,78,78,78,78,83,83,83,83,83,83,83,83,83],"card_choices":[{"not_picked":["Recycle","Streamline"],"picked":"Doom and Gloom","floor":1},{"not_picked":["White Noise","Go for the Eyes"],"picked":"Leap","floor":2},{"not_picked":["FTL","Redo"],"picked":"Defragment","floor":5},{"not_picked":["Hologram","Steam Power"],"picked":"Steam","floor":6},{"not_picked":["Storm","Sunder"],"picked":"Compile Driver","floor":7},{"not_picked":["Scrape","Barrage","Auto Shields"],"picked":"SKIP","floor":10},{"not_picked":["Scrape","Redo"],"picked":"Reinforced Body","floor":11},{"not_picked":["Reboot","Fusion","Streamline"],"picked":"SKIP","floor":13},{"not_picked":["Hyperbeam","Machine Learning"],"picked":"Rainbow","floor":16},{"not_picked":["Go for the Eyes","Turbo","Sweeping Beam"],"picked":"SKIP","floor":18},{"not_picked":["Turbo","Ball Lightning","Melter"],"picked":"SKIP","floor":21},{"not_picked":["Leap","Go for the Eyes"],"picked":"Capacitor","floor":22},{"not_picked":["Beam Cell","Rebound+1","Gash"],"picked":"SKIP","floor":24},{"not_picked":["Compile Driver","FTL"],"picked":"Machine Learning","floor":25}],"player_experience":4512479,"relics_obtained":[{"floor":9,"key":"Bronze Scales"},{"floor":10,"key":"Strawberry"},{"floor":25,"key":"Mummified Hand"},{"floor":26,"key":"Oddly Smooth Stone"}],"event_choices":[{"cards_removed":["Strike_B"],"damage_healed":0,"gold_gain":0,"player_choice":"Offered Basic","damage_taken":0,"max_hp_gain":0,"max_hp_loss":0,"event_name":"Bonfire Elementals","floor":4,"gold_loss":0},{"cards_removed":["Defend_B"],"damage_healed":0,"gold_gain":0,"player_choice":"Gave Gold","damage_taken":0,"max_hp_gain":0,"max_hp_loss":0,"event_name":"Beggar","floor":19,"gold_loss":75},{"damage_healed":0,"gold_gain":0,"player_choice":"Shed Blood","damage_taken":27,"max_hp_gain":5,"max_hp_loss":0,"event_name":"Forgotten Altar","floor":20,"gold_loss":0},{"damage_healed":0,"gold_gain":0,"player_choice":"3 cards matched","damage_taken":0,"max_hp_gain":0,"max_hp_loss":0,"event_name":"Match and Keep!","floor":27,"gold_loss":0,"cards_obtained":["Normality","Buffer","BootSequence"]}],"is_beta":true,"boss_relics":[{"not_picked":["Lizard Tail","Black Star"],"picked":"Fusion Hammer"}],"items_purged_floors":[14],"is_endless":false,"potions_floor_spawned":[1,6,10,18,22,24],"killed_by":"Cultist and Chosen","ascension_level":20}