{"gold_per_floor":[113,113,123,140,39,39,68,68,68,25,25,53,68,68,68,145,145,159,4,104,4,18,18],"floor_reached":23,"playtime":1309,"items_purged":["Strike_R","Strike_R"],"score":394,"play_id":"246fcb9d-f533-425e-bd10-6eca02163b9e","local_time":"20190131135353","is_ascension_mode":true,"campfire_choices":[{"data":"Bash","floor":6,"key":"SMITH"},{"data":"Metallicize","floor":8,"key":"SMITH"},{"data":"Spot Weakness","floor":11,"key":"SMITH"},{"data":"Fiend Fire","floor":15,"key":"SMITH"}],"neow_cost":"NONE","seed_source_timestamp":186187697653831,"circlet_count":0,"master_deck":["AscendersBane","Strike_R","Strike_R","Strike_R","Defend_R","Defend_R","Defend_R","Defend_R","Bash+1","Metallicize+1","Shrug It Off","Spot Weakness+1","Feel No Pain","Wild Strike","Pummel","Battle Trance","Fiend Fire+1","Sword Boomerang","Demon Form","Combust","Armaments"],"relics":["Burning Blood","NeowsBlessing","Du-Vu Doll","Mummified Hand","Bird Faced Urn","Runic Pyramid","Magic Flower","Dodecahedron"],"potions_floor_usage":[2,12,20,20],"damage_taken":[{"damage":0,"enemies":"2 Louse","floor":1,"turns":1},{"damage":0,"enemies":"Cultist","floor":3,"turns":1},{"damage":0,"enemies":"Jaw Worm","floor":4,"turns":1},{"damage":19,"enemies":"3 Sentries","floor":7,"turns":11},{"damage":26,"enemies":"Lagavulin","floor":12,"turns":8},{"damage":1,"enemies":"Exordium Wildlife","floor":13,"turns":3},{"damage":26,"enemies":"Slime Boss","floor":16,"turns":4},{"damage":11,"enemies":"Shell Parasite","floor":18,"turns":2},{"damage":33,"enemies":"Colosseum Slavers","floor":20,"turns":5},{"damage":12,"enemies":"Colosseum Nobs","floor":20,"turns":4},{"damage":22,"enemies":"3 Byrds","floor":22,"turns":5},{"damage":52,"enemies":"Slavers","floor":23,"turns":2}],"seed_played":"3120589594175906691","potions_obtained":[{"floor":1,"key":"GamblersBrew"},{"floor":2,"key":"Fruit Juice"},{"floor":2,"key":"SkillPotion"},{"floor":7,"key":"Swift Potion"},{"floor":13,"key":"Block Potion"}],"is_trial":false,"path_per_floor":["M","?","M","M","$","R","E","R","T","$","R","E","M","$","R","B",null,"M","$","?","$","M","E"],"character_chosen":"IRONCLAD","items_purchased":["Feel No Pain","Wild Strike","Battle Trance","Combust"],"campfire_rested":0,"item_purchase_floors":[5,5,10,19],"current_hp_per_floor":[74,79,80,80,80,80,67,67,67,67,67,47,56,56,56,40,70,65,65,44,44,40,0],"gold":18,"neow_bonus":"THREE_ENEMY_KILL","is_prod":false,"is_daily":false,"chose_seed":false,"campfire_upgraded":4,"win_rate":0,"timestamp":1548971633,"path_taken":["M","?","M","?","$","R","E","R","T","?","R","E","?","$","R","BOSS","M","?","?","?","M","E"],"build_version":"2019-01-23","purchased_purges":2,"victory":false,"max_hp_per_floor":[75,80,80,80,80,80,80,80,80,80,80,80,80,80,80,80,80,80,80,80,80,80,80],"card_choices":[{"not_picked":["Armaments","Perfected Strike"],"picked":"Metallicize","floor":1},{"not_picked":["True Grit","Perfected Strike"],"picked":"Shrug It Off","floor":3},{"not_picked":["Armaments","Twin Strike"],"picked":"Spot Weakness","floor":4},{"not_picked":["Fire Breathing","Heavy Blade"],"picked":"Pummel","floor":7},{"not_picked":["Flex","Havoc"],"picked":"Fiend Fire","floor":12},{"not_picked":["Thunderclap","Warcry"],"picked":"Sword Boomerang","floor":13},{"not_picked":["Reaper","Limit Break"],"picked":"Demon Form","floor":16},{"not_picked":["Fire Breathing","Heavy Blade","Iron Wave"],"picked":"SKIP","floor":18},{"not_picked":["Ghostly Armor","Heavy Blade"],"picked":"Armaments","floor":20},{"not_picked":["Power Through","Sentinel","Armaments"],"picked":"SKIP","floor":22}],"player_experience":4605530,"relics_obtained":[{"floor":7,"key":"Du-Vu Doll"},{"floor":9,"key":"Mummified Hand"},{"floor":12,"key":"Bird Faced Urn"},{"floor":20,"key":"Magic Flower"},{"floor":20,"key":"Dodecahedron"}],"event_choices":[{"damage_healed":0,"gold_gain":0,"player_choice":"Got Potions","damage_taken":0,"max_hp_gain":0,"max_hp_loss":0,"event_name":"Lab","floor":2,"gold_loss":0},{"damage_healed":0,"gold_gain":0,"player_choice":"Fight","damage_taken":0,"max_hp_gain":0,"max_hp_loss":0,"event_name":"Colosseum","floor":20,"gold_loss":0},{"damage_healed":0,"gold_gain":0,"player_choice":"Fought Nobs","damage_taken":0,"max_hp_gain":0,"max_hp_loss":0,"event_name":"Colosseum","floor":20,"gold_loss":0}],"is_beta":true,"boss_relics":[{"not_picked":["Runic Cube","Tiny House"],"picked":"Runic Pyramid"}],"items_purged_floors":[19,21],"is_endless":false,"potions_floor_spawned":[1,7,13],"killed_by":"Slavers","ascension_level":20}