{"gold_per_floor":[112,112,112,132,145,145,184,184,261,299,196,232,232,256,256,352,352,371,371,392,130,55,89,89,123,123,123,146,185,185,208,208,304,304,323,343,367,30,44,78,78,78,146,181,96,114,157,82,82,82,82,82,82,82,120,120],"floor_reached":57,"playtime":5386,"items_purged":["Strike_B","Strike_B"],"score":2932,"play_id":"ec276160-c1ea-4db5-8ccb-c72acdae49e1","local_time":"20190122130705","is_ascension_mode":true,"campfire_choices":[{"data":"Zap","floor":6,"key":"SMITH"},{"data":"Sunder","floor":8,"key":"SMITH"},{"floor":15,"key":"REST"},{"floor":27,"key":"REST"},{"floor":32,"key":"REST"},{"floor":42,"key":"REST"},{"floor":49,"key":"RECALL"},{"floor":53,"key":"REST"}],"neow_cost":"NONE","seed_source_timestamp":364752976460414,"circlet_count":0,"master_deck":["AscendersBane","Zap+1","Dualcast","Ball Lightning","Sunder+1","Coolheaded","Coolheaded","Doom and Gloom","Coolheaded","White Noise","Electrodynamics","Ghostly","Ghostly","Ghostly","Compile Driver","Leap+1","Fission","Reinforced Body","Darkness","Hologram","Loop","Recycle","Echo Form","Hologram+1","Barrage+1","Go for the Eyes+1","Darkness+1","Discovery","Discovery","Coolheaded","Capacitor","White Noise"],"relics":["Cracked Core","Golden Idol","Dream Catcher","Cables","Regal Pillow","Anchor","Fusion Hammer","PreservedInsect","Oddly Smooth Stone","Ginger","Pen Nib","Astrolabe","Incense Burner","Potion Belt","Sundial","Thread and Needle","Orichalcum","Calipers"],"potions_floor_usage":[7,10,12,18,23,25,29,56,56,56,56],"damage_taken":[{"damage":3,"enemies":"2 Louse","floor":1,"turns":2},{"damage":1,"enemies":"Small Slimes","floor":4,"turns":3},{"damage":7,"enemies":"Jaw Worm","floor":5,"turns":3},{"damage":8,"enemies":"Gremlin Nob","floor":7,"turns":3},{"damage":6,"enemies":"Lagavulin","floor":10,"turns":5},{"damage":9,"enemies":"Gremlin Nob","floor":12,"turns":4},{"damage":0,"enemies":"Exordium Thugs","floor":14,"turns":5},{"damage":20,"enemies":"The Guardian","floor":16,"turns":8},{"damage":6,"enemies":"Shell Parasite","floor":18,"turns":5},{"damage":0,"enemies":"Chosen","floor":20,"turns":4},{"damage":25,"enemies":"Slavers","floor":23,"turns":4},{"damage":1,"enemies":"Book of Stabbing","floor":25,"turns":4},{"damage":1,"enemies":"Centurion and Healer","floor":28,"turns":6},{"damage":8,"enemies":"Gremlin Leader","floor":29,"turns":6},{"damage":0,"enemies":"Shelled Parasite and Fungi","floor":31,"turns":4},{"damage":8,"enemies":"Champ","floor":33,"turns":14},{"damage":0,"enemies":"3 Shapes","floor":35,"turns":2},{"damage":4,"enemies":"3 Darklings","floor":36,"turns":3},{"damage":0,"enemies":"Transient","floor":37,"turns":6},{"damage":3,"enemies":"Spire Growth","floor":39,"turns":8},{"damage":3,"enemies":"Nemesis","floor":40,"turns":5},{"damage":4,"enemies":"Giant Head","floor":44,"turns":7},{"damage":0,"enemies":"Maw","floor":46,"turns":8},{"damage":0,"enemies":"Reptomancer","floor":47,"turns":5},{"damage":7,"enemies":"Time Eater","floor":50,"turns":17},{"damage":19,"enemies":"Donu and Deca","floor":51,"turns":14},{"damage":0,"enemies":"Shield and Spear","floor":55,"turns":8},{"damage":5,"enemies":"The Heart","floor":56,"turns":10}],"seed_played":"-6991328491378928981","potions_obtained":[{"floor":0,"key":"PowerPotion"},{"floor":0,"key":"FearPotion"},{"floor":7,"key":"FocusPotion"},{"floor":10,"key":"EssenceOfSteel"},{"floor":12,"key":"Strength Potion"},{"floor":18,"key":"LiquidBronze"},{"floor":28,"key":"Energy Potion"},{"floor":31,"key":"Fire Potion"},{"floor":36,"key":"Ancient Potion"},{"floor":40,"key":"SpeedPotion"},{"floor":47,"key":"SmokeBomb"},{"floor":55,"key":"FocusPotion"}],"is_trial":false,"path_per_floor":["?","?","?","?","$","?","?","?","?","$"],"character_chosen":"DEFECT","items_purchased":["Coolheaded","PreservedInsect","Incense Burner","LiquidBronze","Capacitor"],"campfire_rested":5,"item_purchase_floors":[11,21,38,45,48],"current_hp_per_floor":[61,61,61,60,53,53,45,45,45,39,39,30,12,12,46,26,55,49,32,32,32,32,7,7,6,6,30,29,21,21,21,32,24,30,30,26,26,26,23,20,10,32,32,28,28,28,28,28,28,21,2,25,32,32,32,27],"gold":120,"neow_bonus":"THREE_SMALL_POTIONS","is_prod":false,"is_daily":false,"chose_seed":false,"campfire_upgraded":2,"win_rate":0,"timestamp":1548191225,"path_taken":["M","?","?","M","M","R","E","R","T","E","$","E","?","M","R","BOSS","M","?","M","?","?","E","?","E","T","R","M","E","?","M","R","BOSS","M","M","M","$","M","E","?","R","T","E","?","M","E","$","R","BOSS","BOSS","R","$","E","BOSS"],"build_version":"2019-01-20","purchased_purges":2,"victory":true,"max_hp_per_floor":[71,64,64,64,64,64,64,64,64,64,64,64,64,64,64,64,64,64,32,32,32,32,32,32,32,32,32,32,32,32,32,32,32,32,32,32,32,32,32,32,32,32,32,32,32,32,32,32,32,32,32,32,32,32,32,32],"card_choices":[{"not_picked":["Steam Power","Lockon"],"picked":"Ball Lightning","floor":1},{"not_picked":["Force Field","Capacitor"],"picked":"Sunder","floor":4},{"not_picked":["Gash","Skim"],"picked":"Coolheaded","floor":5},{"not_picked":["Streamline","Compile Driver"],"picked":"Coolheaded","floor":7},{"not_picked":["Multi-Cast","Sweeping Beam"],"picked":"Doom and Gloom","floor":10},{"not_picked":["Cold Snap","Leap","Streamline"],"picked":"SKIP","floor":12},{"not_picked":["Scrape","Barrage"],"picked":"White Noise","floor":14},{"not_picked":["Machine Learning","Fission"],"picked":"Electrodynamics","floor":16},{"not_picked":["Rip and Tear","Ball Lightning","Barrage"],"picked":"SKIP","floor":18},{"not_picked":["Lockon","Fusion"],"picked":"Compile Driver","floor":20},{"not_picked":["Gash","Self Repair"],"picked":"Leap+1","floor":23},{"not_picked":["Rebound","Electrodynamics"],"picked":"Darkness","floor":25},{"not_picked":["Redo","Reprogram"],"picked":"Hologram","floor":28},{"not_picked":["Doom and Gloom","Glacier"],"picked":"Loop","floor":29},{"not_picked":["Compile Driver","Sweeping Beam+1"],"picked":"Recycle","floor":31},{"not_picked":["Multi-Cast","Biased Cognition"],"picked":"Echo Form","floor":33},{"not_picked":["Recycle","Barrage","Steam"],"picked":"SKIP","floor":35},{"not_picked":["Cold Snap","Auto Shields","Streamline+1"],"picked":"SKIP","floor":36},{"not_picked":["Beam Cell","Doom and Gloom","Amplify"],"picked":"SKIP","floor":37},{"not_picked":["FTL","Go for the Eyes"],"picked":"Darkness+1","floor":39},{"not_picked":["Turbo","Hyperbeam","Amplify"],"picked":"SKIP","floor":40},{"not_picked":["Transmutation","Bandage Up"],"picked":"Discovery","floor":41},{"not_picked":["Enlightenment","Bandage Up"],"picked":"Discovery","floor":41},{"not_picked":["Cold Snap+1","Static Discharge","Fusion"],"picked":"SKIP","floor":44},{"not_picked":["Turbo","Chill"],"picked":"Coolheaded","floor":46},{"not_picked":["Steam","Darkness","All For One"],"picked":"SKIP","floor":47},{"not_picked":["Reinforced Body","Cold Snap"],"picked":"White Noise","floor":53},{"not_picked":["Conserve Battery","Go for the Eyes","Sweeping Beam"],"picked":"SKIP","floor":55}],"player_experience":4450519,"relics_obtained":[{"floor":7,"key":"Dream Catcher"},{"floor":9,"key":"Cables"},{"floor":10,"key":"Regal Pillow"},{"floor":12,"key":"Anchor"},{"floor":23,"key":"Oddly Smooth Stone"},{"floor":25,"key":"Ginger"},{"floor":29,"key":"Pen Nib"},{"floor":40,"key":"Potion Belt"},{"floor":43,"key":"Sundial"},{"floor":44,"key":"Thread and Needle"},{"floor":47,"key":"Orichalcum"},{"floor":55,"key":"Calipers"}],"event_choices":[{"damage_healed":0,"gold_gain":0,"player_choice":"Lose Max HP","damage_taken":0,"relics_obtained":["Golden Idol"],"max_hp_gain":0,"max_hp_loss":7,"event_name":"Golden Idol","floor":2,"gold_loss":0},{"damage_healed":0,"gold_gain":0,"player_choice":"Ignored","damage_taken":0,"max_hp_gain":0,"max_hp_loss":0,"event_name":"Liars Game","floor":3,"gold_loss":0},{"damage_healed":0,"gold_gain":0,"player_choice":"Fled","damage_taken":18,"max_hp_gain":0,"max_hp_loss":0,"event_name":"Scrap Ooze","floor":13,"gold_loss":0},{"damage_healed":0,"gold_gain":0,"player_choice":"Became a Ghost","damage_taken":0,"max_hp_gain":0,"max_hp_loss":32,"event_name":"Ghosts","floor":19,"gold_loss":0,"cards_obtained":["Ghostly","Ghostly","Ghostly"]},{"cards_removed":["Strike_B"],"damage_healed":0,"gold_gain":0,"player_choice":"Gave Gold","damage_taken":0,"max_hp_gain":0,"max_hp_loss":0,"event_name":"Beggar","floor":22,"gold_loss":75},{"damage_healed":0,"gold_gain":0,"cards_transformed":["Strike_B","Defend_B"],"player_choice":"Became Test Subject","damage_taken":0,"max_hp_gain":0,"max_hp_loss":0,"event_name":"Drug Dealer","floor":24,"gold_loss":0,"cards_obtained":["Fission","Reinforced Body"]},{"damage_healed":0,"gold_gain":0,"player_choice":"Ignored","damage_taken":0,"max_hp_gain":0,"max_hp_loss":0,"event_name":"The Mausoleum","floor":30,"gold_loss":0},{"damage_healed":0,"gold_gain":0,"player_choice":"Memory 3","damage_taken":10,"max_hp_gain":0,"max_hp_loss":0,"event_name":"SensoryStone","floor":41,"gold_loss":0}],"is_beta":true,"boss_relics":[{"not_picked":["Inserter","Black Star"],"picked":"Fusion Hammer"},{"not_picked":["Nuclear Battery","Coffee Dripper"],"picked":"Astrolabe"}],"items_purged_floors":[11,21],"is_endless":false,"potions_floor_spawned":[5,7,10,12,18,20,28,31,36,39,40,47,55],"ascension_level":20}