{"gold_per_floor":[118,118,128,138,37,37,54,54,127,158,158,189,189,189,189,266,266,284,559,3,15,28,28,28,92,139,183,195,220,243,272,284,375,387,409,30,30,46,46,46,71,91,91,105,115,146,146,162,162,162,162,162,162,23,51,51],"floor_reached":56,"playtime":4825,"items_purged":["Pain","Regret"],"score":1939,"play_id":"13d7b27b-ce93-4806-ad7d-d4a1cbfaf031","local_time":"20190208174614","is_ascension_mode":true,"campfire_choices":[{"data":"Static Discharge","floor":6,"key":"SMITH"},{"data":"Zap","floor":8,"key":"SMITH"},{"floor":11,"key":"REST"},{"data":"Hologram","floor":13,"key":"SMITH"},{"floor":15,"key":"REST"},{"floor":23,"key":"REST"},{"floor":28,"key":"REST"},{"floor":32,"key":"REST"},{"data":"Coolheaded","floor":40,"key":"SMITH"},{"floor":47,"key":"RECALL"},{"floor":49,"key":"REST"},{"floor":53,"key":"REST"}],"neow_cost":"NONE","seed_source_timestamp":154852942097681,"circlet_count":0,"master_deck":["AscendersBane","Strike_B","Strike_B","Defend_B","Defend_B","Defend_B","Defend_B","Zap+1","Dualcast","Conserve Battery","Static Discharge+1","Ball Lightning","Coolheaded","Ball Lightning","Hologram+1","Electrodynamics","Master of Strategy","Glacier","Leap","Capacitor","Echo Form","Fission","Coolheaded+1","Coolheaded+1","Hologram+1","Blizzard+1","Blizzard+1","Cold Snap+1","Seek","Go for the Eyes+1","Cold Snap+1"],"relics":["Cracked Core","WarpedTongs","Question Card","Lantern","Oddly Smooth Stone","Black Star","Runic Capacitor","Tiny Chest","Art of War","MawBank","Pen Nib","Sundial","Velvet Choker","Bird Faced Urn","Molten Egg 2","Turnip","Pantograph","Omamori","Blood Vial","Blue Candle"],"potions_floor_usage":[10,25,27,30,33,33,44,46,51,55,56,56],"damage_taken":[{"damage":2,"enemies":"2 Louse","floor":1,"turns":3},{"damage":0,"enemies":"Cultist","floor":3,"turns":4},{"damage":5,"enemies":"Jaw Worm","floor":4,"turns":4},{"damage":13,"enemies":"Gremlin Gang","floor":7,"turns":3},{"damage":24,"enemies":"Gremlin Nob","floor":10,"turns":4},{"damage":20,"enemies":"Lagavulin","floor":12,"turns":6},{"damage":20,"enemies":"Slime Boss","floor":16,"turns":8},{"damage":19,"enemies":"Chosen","floor":18,"turns":6},{"damage":7,"enemies":"3 Byrds","floor":21,"turns":2},{"damage":11,"enemies":"Snake Plant","floor":22,"turns":3},{"damage":24,"enemies":"Book of Stabbing","floor":25,"turns":6},{"damage":8,"enemies":"Gremlin Leader","floor":27,"turns":5},{"damage":0,"enemies":"3 Cultists","floor":29,"turns":4},{"damage":6,"enemies":"Centurion and Healer","floor":30,"turns":7},{"damage":6,"enemies":"Snake Plant","floor":31,"turns":4},{"damage":2,"enemies":"Champ","floor":33,"turns":14},{"damage":4,"enemies":"Orb Walker","floor":35,"turns":4},{"damage":22,"enemies":"3 Shapes","floor":38,"turns":7},{"damage":12,"enemies":"Reptomancer","floor":41,"turns":7},{"damage":16,"enemies":"3 Darklings","floor":42,"turns":7},{"damage":10,"enemies":"4 Shapes","floor":44,"turns":14},{"damage":10,"enemies":"Sphere and 2 Shapes","floor":45,"turns":7},{"damage":5,"enemies":"Nemesis","floor":46,"turns":8},{"damage":24,"enemies":"3 Darklings","floor":48,"turns":7},{"damage":49,"enemies":"Donu and Deca","floor":50,"turns":7},{"damage":30,"enemies":"Awakened One","floor":51,"turns":18},{"damage":63,"enemies":"Shield and Spear","floor":55,"turns":6},{"damage":39,"enemies":"The Heart","floor":56,"turns":5}],"seed_played":"-1674132127291597011","potions_obtained":[{"floor":7,"key":"FearPotion"},{"floor":12,"key":"Explosive Potion"},{"floor":25,"key":"Dexterity Potion"},{"floor":27,"key":"AttackPotion"},{"floor":30,"key":"FearPotion"},{"floor":42,"key":"AttackPotion"},{"floor":45,"key":"Fire Potion"},{"floor":55,"key":"FocusPotion"}],"is_trial":false,"path_per_floor":["M","?","M","M","$","R","M","R","T","E","R","E","R","?","R","B",null,"M","?","$","M","M","R","?","E","T","E","R","M","M","M","R","B",null,"M","$","?","M","?","R","E","M","T","M","M","E","R","M","R","B","B",null,"R","$","E","B"],"character_chosen":"DEFECT","items_purchased":["Coolheaded","Runic Capacitor","Master of Strategy","Weak Potion","Bird Faced Urn","Swift Potion","Dexterity Potion","LiquidBronze"],"campfire_rested":7,"item_purchase_floors":[5,20,20,20,36,36,54,54],"current_hp_per_floor":[62,62,62,57,57,57,44,44,44,20,41,21,21,21,42,22,59,40,40,40,33,22,43,43,19,19,11,32,32,26,20,41,39,63,59,59,59,43,43,43,37,33,33,37,33,38,38,26,47,26,27,60,71,71,8,0],"gold":51,"neow_bonus":"THREE_CARDS","is_prod":false,"is_daily":false,"chose_seed":false,"campfire_upgraded":4,"win_rate":0,"timestamp":1549676774,"path_taken":["M","?","M","?","$","R","M","R","T","E","R","E","R","?","R","BOSS","M","?","$","M","?","R","?","E","T","E","R","M","M","M","R","BOSS","M","$","?","M","?","R","E","M","T","M","?","E","R","?","R","BOSS","BOSS","R","$","E","BOSS"],"build_version":"2019-02-06","purchased_purges":2,"victory":false,"max_hp_per_floor":[71,71,71,71,71,71,71,71,71,71,71,71,71,71,71,71,71,71,71,71,71,71,71,71,71,71,71,71,71,71,71,71,71,71,71,71,71,71,71,71,71,71,71,71,71,71,71,71,71,71,71,71,71,71,71,71],"card_choices":[{"not_picked":["Hologram","Undo"],"picked":"Conserve Battery","floor":0},{"not_picked":["Streamline","Redo","Loop"],"picked":"SKIP","floor":1},{"not_picked":["Stack","Hologram"],"picked":"Static Discharge","floor":3},{"not_picked":["Streamline","Blizzard"],"picked":"Ball Lightning","floor":4},{"not_picked":["Melter","Conserve Battery","Gash"],"picked":"SKIP","floor":7},{"not_picked":["Rebound","Tempest","Gash"],"picked":"Ball Lightning","floor":10},{"not_picked":["Gash","Barrage","Beam Cell"],"picked":"Hologram","floor":12},{"not_picked":["Core Surge","Biased Cognition","Creative AI"],"picked":"Electrodynamics","floor":16},{"not_picked":["Barrage","Steam","Loop","Stack"],"picked":"SKIP","floor":18},{"not_picked":["Darkness","Redo","Streamline","Aggregate"],"picked":"SKIP","floor":21},{"not_picked":["Leap+1","Self Repair","Coolheaded"],"picked":"Glacier","floor":22},{"not_picked":["Doom and Gloom","Fusion","Streamline","Chaos"],"picked":"SKIP","floor":25},{"not_picked":["All For One","Ball Lightning","Redo"],"picked":"Leap","floor":27},{"not_picked":["Streamline+1","Cold Snap","Gash"],"picked":"Capacitor","floor":29},{"not_picked":["Barrage","Redo+1","Streamline"],"picked":"Echo Form","floor":30},{"not_picked":["Stack+1","Streamline+1","FTL","Beam Cell+1"],"picked":"SKIP","floor":31},{"not_picked":["Hyperbeam","Multi-Cast","Buffer"],"picked":"Fission","floor":33},{"not_picked":["Rebound","Turbo","Cold Snap"],"picked":"Coolheaded","floor":35},{"not_picked":["Gash","Conserve Battery","Ball Lightning"],"picked":"Coolheaded+1","floor":38},{"not_picked":["Hyperbeam","Steam","Redo"],"picked":"Hologram+1","floor":41},{"not_picked":["Undo","Turbo","Darkness"],"picked":"Blizzard+1","floor":42},{"not_picked":["Auto Shields+1","Stack","Capacitor"],"picked":"Blizzard+1","floor":44},{"not_picked":["Gash+1","Redo","Turbo+1"],"picked":"Cold Snap+1","floor":45},{"not_picked":["Streamline+1","Conserve Battery+1","Skim"],"picked":"Seek","floor":46},{"not_picked":["Reinforced Body","Compile Driver+1","BootSequence"],"picked":"Go for the Eyes+1","floor":48},{"not_picked":["FTL+1","Reprogram","Redo"],"picked":"Cold Snap+1","floor":55}],"player_experience":4732659,"relics_obtained":[{"floor":9,"key":"Question Card"},{"floor":10,"key":"Lantern"},{"floor":12,"key":"Oddly Smooth Stone"},{"floor":25,"key":"Tiny Chest"},{"floor":25,"key":"Art of War"},{"floor":26,"key":"MawBank"},{"floor":27,"key":"Pen Nib"},{"floor":27,"key":"Sundial"},{"floor":41,"key":"Molten Egg 2"},{"floor":41,"key":"Turnip"},{"floor":46,"key":"Pantograph"},{"floor":46,"key":"Omamori"},{"floor":55,"key":"Blood Vial"},{"floor":55,"key":"Blue Candle"}],"event_choices":[{"damage_healed":0,"gold_gain":0,"player_choice":"Rummage","damage_taken":0,"relics_obtained":["WarpedTongs"],"max_hp_gain":0,"max_hp_loss":0,"event_name":"Accursed Blacksmith","floor":2,"gold_loss":0,"cards_obtained":["Pain"]},{"cards_removed":["Strike_B"],"damage_healed":0,"gold_gain":0,"player_choice":"Forget","damage_taken":0,"max_hp_gain":0,"max_hp_loss":0,"event_name":"Living Wall","floor":14,"gold_loss":0},{"damage_healed":0,"gold_gain":275,"player_choice":"Desecrate","damage_taken":0,"max_hp_gain":0,"max_hp_loss":0,"event_name":"Golden Shrine","floor":19,"gold_loss":0,"cards_obtained":["Regret"]},{"cards_removed":["Strike_B"],"damage_healed":0,"gold_gain":0,"player_choice":"Removed Attack","damage_taken":0,"max_hp_gain":0,"max_hp_loss":0,"event_name":"Falling","floor":37,"gold_loss":0},{"damage_healed":0,"gold_gain":0,"player_choice":"Leave","damage_taken":0,"max_hp_gain":0,"max_hp_loss":0,"event_name":"FaceTrader","floor":39,"gold_loss":0}],"is_beta":true,"boss_relics":[{"not_picked":["Runic Dome","White Beast Statue"],"picked":"Black Star"},{"not_picked":["Empty Cage","Orrery"],"picked":"Velvet Choker"}],"items_purged_floors":[5,20],"is_endless":false,"potions_floor_spawned":[7,12,22,25,27,30,42,45,55],"killed_by":"The Heart","ascension_level":20}