{"gold_per_floor":[109,5,80,80,28,28,61,61,116,116,16,49,67,94,94,173,173,192,206,81,96,96,96,122,137,137,137,137,137,148,163,163,235,235,254,104,104,118,138,138,169,169,241,272,272,304,304,72,72,72,72,72,72,72,103,103],"floor_reached":57,"playtime":4769,"items_purged":["Strike_R","Strike_R","Strike_R","Strike_R+1"],"score":2844,"play_id":"b4820a15-4a78-4335-bd6a-56373e21066f","local_time":"20190209150941","is_ascension_mode":true,"campfire_choices":[{"data":"Bash","floor":6,"key":"SMITH"},{"data":"Anger","floor":8,"key":"SMITH"},{"data":"Shrug It Off","floor":10,"key":"SMITH"},{"data":"Hemokinesis","floor":15,"key":"SMITH"},{"data":"Flex","floor":23,"key":"SMITH"},{"data":"J.A.X.","floor":27,"key":"SMITH"},{"data":"True Grit","floor":29,"key":"SMITH"},{"data":"Uppercut","floor":32,"key":"SMITH"},{"data":"Impervious","floor":40,"key":"SMITH"},{"floor":42,"key":"RECALL"},{"data":"Limit Break","floor":45,"key":"SMITH"},{"data":"Limit Break","floor":47,"key":"SMITH"},{"data":"Impervious","floor":49,"key":"SMITH"},{"data":"Defend_R","floor":53,"key":"SMITH"}],"neow_cost":"NONE","seed_source_timestamp":55111861304737,"circlet_count":0,"master_deck":["AscendersBane","Strike_R+1","Defend_R+1","Defend_R+1","Defend_R","Defend_R+1","Bash+1","Anger+1","Shrug It Off+1","Impervious+1","Reaper","Thunderclap","Hemokinesis+1","Limit Break+1","Twin Strike","Flex+1","Sword Boomerang","J.A.X.+1","Limit Break+1","True Grit+1","Heavy Blade+1","Uppercut+1","Reaper","Evolve","Headbutt+1","Impervious+1","Headbutt"],"relics":["Burning Blood","NeowsBlessing","WingedGreaves","Ice Cream","Whetstone","Vajra","Sundial","Runic Pyramid","Meat on the Bone","Velvet Choker","Shuriken","Blue Candle","Bottled Lightning","War Paint","Oddly Smooth Stone"],"potions_floor_usage":[14,24,31,56,56],"damage_taken":[{"damage":0,"enemies":"Small Slimes","floor":1,"turns":1},{"damage":0,"enemies":"3 Sentries","floor":7,"turns":2},{"damage":0,"enemies":"Lagavulin","floor":12,"turns":1},{"damage":0,"enemies":"Jaw Worm","floor":13,"turns":4},{"damage":10,"enemies":"3 Sentries","floor":14,"turns":8},{"damage":33,"enemies":"Slime Boss","floor":16,"turns":10},{"damage":22,"enemies":"3 Byrds","floor":18,"turns":5},{"damage":4,"enemies":"Chosen","floor":19,"turns":5},{"damage":15,"enemies":"3 Cultists","floor":21,"turns":5},{"damage":18,"enemies":"Gremlin Leader","floor":24,"turns":7},{"damage":39,"enemies":"Snake Plant","floor":25,"turns":4},{"damage":3,"enemies":"Cultist and Chosen","floor":30,"turns":4},{"damage":19,"enemies":"Shelled Parasite and Fungi","floor":31,"turns":5},{"damage":42,"enemies":"Automaton","floor":33,"turns":5},{"damage":15,"enemies":"Orb Walker","floor":35,"turns":3},{"damage":37,"enemies":"3 Shapes","floor":38,"turns":5},{"damage":26,"enemies":"Maw","floor":39,"turns":5},{"damage":50,"enemies":"Reptomancer","floor":41,"turns":5},{"damage":3,"enemies":"Nemesis","floor":44,"turns":3},{"damage":92,"enemies":"Reptomancer","floor":46,"turns":5},{"damage":39,"enemies":"Donu and Deca","floor":50,"turns":6},{"damage":42,"enemies":"Time Eater","floor":51,"turns":6},{"damage":61,"enemies":"Shield and Spear","floor":55,"turns":8},{"damage":148,"enemies":"The Heart","floor":56,"turns":9}],"seed_played":"-9206354370569622566","potions_obtained":[{"floor":7,"key":"Energy Potion"},{"floor":13,"key":"BloodPotion"},{"floor":18,"key":"Dexterity Potion"},{"floor":24,"key":"Fire Potion"},{"floor":31,"key":"BloodPotion"},{"floor":33,"key":"FearPotion"},{"floor":35,"key":"Ancient Potion"}],"is_trial":false,"path_per_floor":["M","$","?","?","$","R","E","R","T","R","$","E","M","E","R","B",null,"M","M","$","M","?","R","E","M","T","R","?","R","M","M","R","B",null,"M","$","?","M","M","R","E","R","T","E","R","E","R","$","R","B","B",null,"R","$","E","B",null],"character_chosen":"IRONCLAD","items_purchased":["Anger","Shrug It Off","Impervious","SpeedPotion"],"campfire_rested":0,"item_purchase_floors":[2,5,48,48],"current_hp_per_floor":[74,74,63,52,52,52,58,58,58,58,58,64,75,75,75,48,68,64,75,75,75,75,75,75,75,75,75,75,75,75,75,75,75,75,75,75,71,71,71,71,71,71,71,71,71,42,42,42,42,71,71,71,71,71,71,45],"gold":103,"neow_bonus":"THREE_ENEMY_KILL","is_prod":false,"is_daily":false,"chose_seed":false,"campfire_upgraded":13,"win_rate":0,"timestamp":1549753781,"path_taken":["M","$","?","?","$","R","E","R","T","R","$","E","M","E","R","BOSS","M","M","$","M","?","R","E","M","T","R","?","R","M","M","R","BOSS","M","$","?","M","M","R","E","R","T","E","R","E","R","$","R","BOSS","BOSS","R","$","E","BOSS"],"build_version":"2019-02-06","purchased_purges":4,"victory":true,"max_hp_per_floor":[75,75,75,75,75,75,75,75,75,75,75,75,75,75,75,75,75,75,75,75,75,75,75,75,75,75,75,75,75,75,75,75,75,75,75,75,71,71,71,71,71,71,71,71,71,71,71,71,71,71,71,71,71,71,71,71],"card_choices":[{"not_picked":["Flex","Warcry","Entrench"],"picked":"SKIP","floor":1},{"not_picked":["Exhume","Shockwave"],"picked":"Impervious","floor":7},{"not_picked":["Iron Wave","Warcry"],"picked":"Reaper","floor":12},{"not_picked":["Cleave","Armaments"],"picked":"Thunderclap","floor":13},{"not_picked":["Havoc","Blood for Blood"],"picked":"Hemokinesis","floor":14},{"not_picked":["Brutality","Reaper"],"picked":"Limit Break","floor":16},{"not_picked":["Thunderclap","Perfected Strike"],"picked":"Twin Strike","floor":18},{"not_picked":["Wild Strike","Sever Soul+1"],"picked":"Flex","floor":19},{"not_picked":["Iron Wave","Wild Strike"],"picked":"Sword Boomerang","floor":21},{"not_picked":["True Grit","Headbutt+1"],"picked":"Limit Break","floor":24},{"not_picked":["Intimidate","Sentinel"],"picked":"True Grit","floor":25},{"not_picked":["Armaments","Second Wind"],"picked":"Heavy Blade+1","floor":30},{"not_picked":["Wild Strike","Thunderclap"],"picked":"Uppercut","floor":31},{"not_picked":["Barricade","Double Tap"],"picked":"Reaper","floor":33},{"not_picked":["Entrench","Havoc+1","Heavy Blade"],"picked":"SKIP","floor":35},{"not_picked":["Iron Wave+1","Rage"],"picked":"Evolve","floor":38},{"not_picked":["Iron Wave","Thunderclap","Body Slam"],"picked":"SKIP","floor":39},{"not_picked":["Sword Boomerang","Anger","Flex"],"picked":"SKIP","floor":41},{"not_picked":["Ghostly Armor+1","Flex"],"picked":"Headbutt+1","floor":44},{"not_picked":["Rage","Juggernaut","Combust"],"picked":"SKIP","floor":46},{"not_picked":["Burning Pact","Evolve"],"picked":"Headbutt","floor":55}],"player_experience":4750680,"relics_obtained":[{"floor":7,"key":"Ice Cream"},{"floor":9,"key":"Whetstone"},{"floor":12,"key":"Vajra"},{"floor":14,"key":"Sundial"},{"floor":24,"key":"Meat on the Bone"},{"floor":41,"key":"Shuriken"},{"floor":43,"key":"Blue Candle"},{"floor":44,"key":"Bottled Lightning"},{"floor":46,"key":"War Paint"},{"floor":55,"key":"Oddly Smooth Stone"}],"event_choices":[{"damage_healed":0,"gold_gain":75,"player_choice":"Gather Gold","damage_taken":11,"max_hp_gain":0,"max_hp_loss":0,"event_name":"World of Goop","floor":3,"gold_loss":0},{"damage_healed":0,"gold_gain":0,"player_choice":"Success","damage_taken":11,"relics_obtained":["WingedGreaves"],"max_hp_gain":0,"max_hp_loss":0,"event_name":"Scrap Ooze","floor":4,"gold_loss":0},{"damage_healed":0,"gold_gain":0,"player_choice":"Obtain J.A.X.","damage_taken":0,"max_hp_gain":0,"max_hp_loss":0,"event_name":"Drug Dealer","floor":22,"gold_loss":0,"cards_obtained":["J.A.X."]},{"damage_healed":0,"gold_gain":0,"player_choice":"Ignored","damage_taken":0,"max_hp_gain":0,"max_hp_loss":0,"event_name":"Vampires","floor":28,"gold_loss":0},{"damage_healed":0,"gold_gain":0,"player_choice":"Max HP","damage_taken":0,"max_hp_gain":0,"max_hp_loss":4,"event_name":"Winding Halls","floor":37,"gold_loss":0}],"is_beta":true,"boss_relics":[{"not_picked":["Runic Cube","Fusion Hammer"],"picked":"Runic Pyramid"},{"not_picked":["Black Star","Runic Dome"],"picked":"Velvet Choker"}],"items_purged_floors":[2,11,20,36],"is_endless":false,"potions_floor_spawned":[7,13,18,24,31,33,35,39,55],"ascension_level":20}