{"gold_per_floor":[113,125,137,33,33,33,66,66,66,66,92,102,114,128,128,205,205,219,219,237,152,13,42,42,68,68,68,100,112,37,71,71,148,148,167,267,267,267,281,311,324,349,374,374,264,264,295,313,313,313,313,313,313,13,38,38],"floor_reached":57,"playtime":4327,"items_purged":["Strike_B","Strike_B+1","Strike_B+1"],"score":2927,"play_id":"3feeb043-ff9a-4044-9e42-c90f16beed8a","local_time":"20190204173441","is_ascension_mode":true,"campfire_choices":[{"data":"Zap","floor":6,"key":"SMITH"},{"data":"Dualcast","floor":8,"key":"SMITH"},{"data":"Sweeping Beam","floor":15,"key":"SMITH"},{"data":"Loop","floor":24,"key":"SMITH"},{"data":"Consume","floor":32,"key":"SMITH"},{"floor":46,"key":"RECALL"},{"data":"Defragment","floor":49,"key":"SMITH"},{"data":"Hologram","floor":53,"key":"SMITH"}],"neow_cost":"NONE","seed_source_timestamp":541992474064948,"circlet_count":0,"master_deck":["AscendersBane","Defend_B+1","Defend_B+1","Defend_B+1","Defend_B+1","Zap+1","Dualcast+1","Sweeping Beam+1","Ball Lightning","Ball Lightning","Coolheaded+1","Echo Form","Glacier","White Noise","Steam","Genetic Algorithm+1","Echo Form","Conserve Battery","Loop+1","Thunder Strike","Consume+1","Hologram+1","Coolheaded","Core Surge","Meteor Strike","Genetic Algorithm","Defragment+1","Undo","Storm","Seek","Electrodynamics"],"relics":["Cracked Core","Bird Faced Urn","Bottled Tornado","Mummified Hand","Snecko Eye","Pantograph","Sundial","Mango","Pocketwatch","Gremlin Horn","Bag of Marbles","Cursed Key","Torii","Emotion Chip","Ornamental Fan","Ice Cream","Calipers"],"potions_floor_usage":[25,31,31,56,56],"damage_taken":[{"damage":2,"enemies":"Cultist","floor":1,"turns":4},{"damage":4,"enemies":"Jaw Worm","floor":2,"turns":4},{"damage":0,"enemies":"Small Slimes","floor":3,"turns":2},{"damage":3,"enemies":"Gremlin Nob","floor":7,"turns":3},{"damage":10,"enemies":"Lagavulin","floor":11,"turns":5},{"damage":1,"enemies":"Exordium Wildlife","floor":12,"turns":3},{"damage":0,"enemies":"Large Slime","floor":13,"turns":4},{"damage":0,"enemies":"2 Fungi Beasts","floor":14,"turns":2},{"damage":5,"enemies":"Hexaghost","floor":16,"turns":11},{"damage":0,"enemies":"Spheric Guardian","floor":18,"turns":3},{"damage":3,"enemies":"3 Byrds","floor":20,"turns":4},{"damage":26,"enemies":"Slavers","floor":23,"turns":4},{"damage":11,"enemies":"Gremlin Leader","floor":25,"turns":4},{"damage":20,"enemies":"Slavers","floor":28,"turns":3},{"damage":3,"enemies":"3 Cultists","floor":29,"turns":5},{"damage":12,"enemies":"Book of Stabbing","floor":31,"turns":3},{"damage":24,"enemies":"Champ","floor":33,"turns":10},{"damage":0,"enemies":"3 Darklings","floor":35,"turns":3},{"damage":0,"enemies":"Mind Bloom Boss Battle","floor":36,"turns":4},{"damage":8,"enemies":"3 Shapes","floor":39,"turns":5},{"damage":0,"enemies":"Nemesis","floor":40,"turns":4},{"damage":0,"enemies":"Sphere and 2 Shapes","floor":41,"turns":5},{"damage":0,"enemies":"Giant Head","floor":42,"turns":7},{"damage":0,"enemies":"Nemesis","floor":47,"turns":7},{"damage":1,"enemies":"3 Darklings","floor":48,"turns":6},{"damage":9,"enemies":"Time Eater","floor":50,"turns":13},{"damage":16,"enemies":"Awakened One","floor":51,"turns":14},{"damage":41,"enemies":"Shield and Spear","floor":55,"turns":5},{"damage":1,"enemies":"The Heart","floor":56,"turns":8}],"seed_played":"-6350420823667032120","potions_obtained":[{"floor":7,"key":"Strength Potion"},{"floor":13,"key":"Swift Potion"},{"floor":14,"key":"FocusPotion"},{"floor":25,"key":"FearPotion"},{"floor":31,"key":"Dexterity Potion"},{"floor":35,"key":"Poison Potion"},{"floor":55,"key":"PowerPotion"}],"is_trial":false,"path_per_floor":["M","M","M","$","?","R","E","R","T","?","E","M","M","M","R","B",null,"M","?","M","?","$","E","R","E","T","?","E","M","$","E","R","B",null,"M","?","T","?","M","E","M","E","T","?","?","R","E","M","R","B","B",null,"R","$","E","B",null],"character_chosen":"DEFECT","items_purchased":["Coolheaded","Loop","Core Surge","Storm","Seek"],"campfire_rested":0,"item_purchase_floors":[4,22,30,54,54],"current_hp_per_floor":[62,58,58,58,58,58,55,55,55,34,26,27,33,35,35,36,62,71,71,71,71,71,59,59,70,70,45,37,52,52,48,48,57,82,90,90,90,80,88,90,90,90,90,90,90,90,90,90,90,90,86,89,89,89,65,90],"gold":38,"neow_bonus":"REMOVE_CARD","is_prod":false,"is_daily":false,"chose_seed":false,"campfire_upgraded":7,"win_rate":0,"timestamp":1549330481,"path_taken":["M","M","?","?","?","R","E","R","T","?","E","?","M","M","R","BOSS","M","?","M","?","$","E","R","E","T","?","E","M","$","E","R","BOSS","M","?","?","?","?","E","M","E","T","?","?","R","E","M","R","BOSS","BOSS","R","$","E","BOSS"],"build_version":"2019-01-23","purchased_purges":3,"victory":true,"max_hp_per_floor":[71,71,71,71,71,71,71,71,71,71,71,71,71,71,71,71,71,71,71,71,71,71,71,71,85,85,90,90,90,90,90,90,90,90,90,90,90,90,90,90,90,90,90,90,90,90,90,90,90,90,90,90,90,90,90,90],"card_choices":[{"not_picked":["Steam","Scrape"],"picked":"Sweeping Beam","floor":1},{"not_picked":["Undo","Turbo"],"picked":"Ball Lightning","floor":2},{"not_picked":["Go for the Eyes","Lockon"],"picked":"Ball Lightning","floor":3},{"not_picked":["Skim","Turbo"],"picked":"Echo Form","floor":7},{"not_picked":["Tempest","Beam Cell"],"picked":"Glacier","floor":11},{"not_picked":["Go for the Eyes","Barrage"],"picked":"White Noise","floor":12},{"not_picked":["Cold Snap","Sweeping Beam"],"picked":"Steam","floor":13},{"not_picked":["Coolheaded","Streamline"],"picked":"Genetic Algorithm","floor":14},{"not_picked":["Rainbow","Core Surge"],"picked":"Echo Form","floor":16},{"not_picked":["Tempest","Redo"],"picked":"Conserve Battery","floor":18},{"not_picked":["Rip and Tear","Stack","Melter"],"picked":"SKIP","floor":20},{"not_picked":["Skim","Chill"],"picked":"Thunder Strike","floor":23},{"not_picked":["Chill","Reprogram+1"],"picked":"Consume","floor":25},{"not_picked":["Compile Driver","Redo+1"],"picked":"Hologram","floor":28},{"not_picked":["Consume","Ball Lightning"],"picked":"Coolheaded","floor":29},{"not_picked":["Self Repair","Lockon","Gash"],"picked":"SKIP","floor":31},{"not_picked":["Amplify","Reboot"],"picked":"Meteor Strike","floor":33},{"not_picked":["Stack","Cold Snap","Skim"],"picked":"SKIP","floor":35},{"not_picked":["Go for the Eyes","Barrage","Rebound+1"],"picked":"SKIP","floor":39},{"not_picked":["Redo","Ball Lightning"],"picked":"Genetic Algorithm","floor":40},{"not_picked":["FTL","Melter+1","Conserve Battery+1"],"picked":"SKIP","floor":41},{"not_picked":["Barrage","Sweeping Beam","Go for the Eyes+1"],"picked":"SKIP","floor":42},{"not_picked":["Go for the Eyes","Conserve Battery"],"picked":"Defragment","floor":47},{"not_picked":["Steam Power","Barrage"],"picked":"Undo","floor":48},{"not_picked":["Force Field+1","Ball Lightning"],"picked":"Electrodynamics","floor":55}],"player_experience":4675132,"relics_obtained":[{"floor":7,"key":"Bird Faced Urn"},{"floor":9,"key":"Bottled Tornado"},{"floor":11,"key":"Mummified Hand"},{"floor":23,"key":"Sundial"},{"floor":25,"key":"Mango"},{"floor":26,"key":"Pocketwatch"},{"floor":28,"key":"Gremlin Horn"},{"floor":31,"key":"Bag of Marbles"},{"floor":36,"key":"Torii"},{"floor":40,"key":"Emotion Chip"},{"floor":42,"key":"Ornamental Fan"},{"floor":47,"key":"Ice Cream"},{"floor":55,"key":"Calipers"}],"event_choices":[{"damage_healed":0,"gold_gain":0,"player_choice":"Ignored","damage_taken":0,"max_hp_gain":0,"max_hp_loss":0,"event_name":"Liars Game","floor":5,"gold_loss":0},{"damage_healed":0,"gold_gain":0,"player_choice":"Entered Light","damage_taken":21,"max_hp_gain":0,"max_hp_loss":0,"event_name":"Shining Light","floor":10,"gold_loss":0,"cards_upgraded":["Strike_B","Coolheaded"]},{"damage_healed":0,"gold_gain":0,"player_choice":"Simplicity","damage_taken":0,"max_hp_gain":0,"max_hp_loss":0,"event_name":"Back to Basics","floor":19,"gold_loss":0,"cards_upgraded":["Strike_B","Defend_B","Defend_B","Defend_B","Defend_B"]},{"damage_healed":0,"gold_gain":0,"player_choice":"Obtained Relic","damage_taken":0,"relics_obtained":["Pantograph"],"max_hp_gain":0,"max_hp_loss":0,"event_name":"Addict","floor":21,"gold_loss":85},{"damage_healed":0,"gold_gain":0,"player_choice":"Shed Blood","damage_taken":30,"max_hp_gain":5,"max_hp_loss":0,"event_name":"Forgotten Altar","floor":27,"gold_loss":0},{"damage_healed":0,"gold_gain":0,"player_choice":"Fight","damage_taken":0,"max_hp_gain":0,"max_hp_loss":0,"event_name":"MindBloom","floor":36,"gold_loss":0},{"damage_healed":0,"gold_gain":0,"player_choice":"Memory 3","damage_taken":10,"max_hp_gain":0,"max_hp_loss":0,"event_name":"SensoryStone","floor":38,"gold_loss":0},{"damage_healed":0,"gold_gain":0,"player_choice":"Ignored","damage_taken":0,"max_hp_gain":0,"max_hp_loss":0,"event_name":"Tomb of Lord Red Mask","floor":44,"gold_loss":0},{"cards_removed":["Clumsy"],"damage_healed":0,"gold_gain":0,"player_choice":"Upgrade and Remove","damage_taken":0,"max_hp_gain":0,"max_hp_loss":0,"event_name":"Designer","floor":45,"gold_loss":110,"cards_upgraded":["Genetic Algorithm"]}],"is_beta":true,"boss_relics":[{"not_picked":["Orrery","Coffee Dripper"],"picked":"Snecko Eye"},{"not_picked":["Sozu","Busted Crown"],"picked":"Cursed Key"}],"items_purged_floors":[4,22,54],"is_endless":false,"potions_floor_spawned":[7,13,14,16,18,25,29,31,35,41,55],"ascension_level":20}