{"gold_per_floor":[210,226,226,226,9,35,35,54,54,68,68,93,28,63,63,135,135,55,67,117,117,117,144,4,4,4,18,35,35,46,57,57,128,128,140,140,415,432,445,445,474,474,474,506,506,537,759,775,775,775,775,775,775,234,262,262],"floor_reached":57,"playtime":6583,"items_purged":["Strike_B","Dualcast","Defend_B"],"score":2887,"play_id":"e57d856d-7179-456c-ab83-614cbf3b85b3","local_time":"20190201162024","is_ascension_mode":true,"campfire_choices":[{"data":"Fission","floor":7,"key":"SMITH"},{"floor":11,"key":"REST"},{"data":"Creative AI","floor":15,"key":"SMITH"},{"data":"Defend_B","floor":25,"key":"PURGE"},{"data":"Defend_B","floor":32,"key":"PURGE"},{"data":"Seek","floor":40,"key":"SMITH"},{"floor":42,"key":"RECALL"},{"data":"Hologram","floor":49,"key":"SMITH"},{"data":"Conserve Battery","floor":53,"key":"SMITH"}],"neow_cost":"NONE","seed_source_timestamp":276062708974799,"circlet_count":0,"master_deck":["AscendersBane","Defend_B","Leap","Ball Lightning+1","Fission+1","Rainbow","Self Repair","Consume","Hologram+1","Creative AI+1","Amplify","Conserve Battery+1","Heatsinks+1","Biased Cognition","Amplify","FTL","Fission","Gash","Go for the Eyes","Turbo+1","Seek+1","Gash+1","Beam Cell+1","Electrodynamics","Gash","Good Instincts","Panacea","Good Instincts","Cold Snap+1","Heatsinks","Reinforced Body","Impatience","Static Discharge+1"],"relics":["Cracked Core","Membership Card","Omamori","Mummified Hand","Peace Pipe","Centennial Puzzle","Coffee Dripper","Kunai","Red Mask","Runic Pyramid","Bag of Preparation","Symbiotic Virus","Letter Opener","Whetstone","Toy Ornithopter","Lantern","Sundial","Oddly Smooth Stone"],"potions_floor_usage":[6,12,14,16,18,56,56],"damage_taken":[{"damage":3,"enemies":"2 Louse","floor":1,"turns":2},{"damage":6,"enemies":"Cultist","floor":2,"turns":4},{"damage":23,"enemies":"Lagavulin","floor":6,"turns":8},{"damage":0,"enemies":"Small Slimes","floor":8,"turns":2},{"damage":0,"enemies":"Exordium Wildlife","floor":10,"turns":2},{"damage":14,"enemies":"Gremlin Nob","floor":12,"turns":3},{"damage":0,"enemies":"3 Sentries","floor":14,"turns":2},{"damage":56,"enemies":"Hexaghost","floor":16,"turns":11},{"damage":4,"enemies":"2 Thieves","floor":18,"turns":4},{"damage":31,"enemies":"Chosen","floor":19,"turns":8},{"damage":3,"enemies":"Masked Bandits","floor":23,"turns":2},{"damage":6,"enemies":"Centurion and Healer","floor":27,"turns":10},{"damage":6,"enemies":"Snake Plant","floor":28,"turns":6},{"damage":3,"enemies":"Snecko","floor":30,"turns":5},{"damage":8,"enemies":"Centurion and Healer","floor":31,"turns":4},{"damage":13,"enemies":"Champ","floor":33,"turns":5},{"damage":0,"enemies":"3 Darklings","floor":35,"turns":5},{"damage":0,"enemies":"3 Shapes","floor":38,"turns":5},{"damage":7,"enemies":"Writhing Mass","floor":39,"turns":5},{"damage":11,"enemies":"Giant Head","floor":41,"turns":5},{"damage":0,"enemies":"Nemesis","floor":44,"turns":3},{"damage":5,"enemies":"Reptomancer","floor":46,"turns":5},{"damage":0,"enemies":"Spire Growth","floor":48,"turns":4},{"damage":29,"enemies":"Awakened One","floor":50,"turns":9},{"damage":0,"enemies":"Donu and Deca","floor":51,"turns":4},{"damage":11,"enemies":"Shield and Spear","floor":55,"turns":6},{"damage":29,"enemies":"The Heart","floor":56,"turns":6}],"seed_played":"7622949617745724824","potions_obtained":[{"floor":1,"key":"PowerPotion"},{"floor":2,"key":"GamblersBrew"},{"floor":8,"key":"Strength Potion"},{"floor":12,"key":"PowerPotion"},{"floor":16,"key":"Dexterity Potion"},{"floor":23,"key":"Dexterity Potion"},{"floor":30,"key":"FocusPotion"}],"is_trial":false,"path_per_floor":["M","M","?","?","$","E","R","M","T","M","R","E","$","E","R","B",null,"M","M","?","?","?","?","$","R","T","M","M","?","M","M","R","B",null,"M","?","?","M","M","R","E","R","T","E","?","E","?","M","R","B","B",null,"R","$","E","B",null],"character_chosen":"DEFECT","items_purchased":["Membership Card","Hologram","Fission","Toy Ornithopter","Lantern","Sundial","Heatsinks","Reinforced Body","GamblersBrew","Impatience"],"campfire_rested":1,"item_purchase_floors":[5,13,24,54,54,54,54,54,54,54],"current_hp_per_floor":[61,55,60,60,60,37,37,37,37,37,59,52,52,59,59,10,60,63,46,46,46,46,50,50,50,50,51,59,59,63,69,69,70,75,76,72,72,72,72,72,68,68,68,72,62,72,72,72,72,57,71,72,72,72,72,55],"gold":262,"neow_bonus":"HUNDRED_GOLD","is_prod":false,"is_daily":false,"chose_seed":false,"campfire_upgraded":5,"win_rate":0,"timestamp":1549066824,"path_taken":["M","M","?","?","$","E","R","M","T","M","R","E","$","E","R","BOSS","M","M","?","?","?","?","$","R","T","M","?","?","M","M","R","BOSS","M","?","?","?","M","R","E","R","T","E","?","E","?","M","R","BOSS","BOSS","R","$","E","BOSS"],"build_version":"2019-01-23","purchased_purges":3,"victory":true,"max_hp_per_floor":[71,71,76,76,76,76,76,76,76,76,76,76,76,76,76,76,76,76,76,76,76,76,76,76,76,76,76,76,76,76,76,76,76,76,76,72,72,72,72,72,72,72,72,72,72,72,72,72,72,72,72,72,72,72,72,72],"card_choices":[{"not_picked":["Streamline","Stack"],"picked":"Leap","floor":1},{"not_picked":["Scrape","Barrage"],"picked":"Ball Lightning","floor":2},{"not_picked":["Stack","Conserve Battery"],"picked":"Rainbow","floor":6},{"not_picked":["Steam Power","Heatsinks"],"picked":"Self Repair","floor":8},{"not_picked":["Hologram","Compile Driver"],"picked":"Consume","floor":10},{"not_picked":["Rebound","Streamline","Blizzard"],"picked":"SKIP","floor":12},{"not_picked":["Double Energy","Hologram"],"picked":"Creative AI","floor":14},{"not_picked":["Buffer","Biased Cognition"],"picked":"Amplify","floor":16},{"not_picked":["Rebound","Chaos"],"picked":"Conserve Battery","floor":18},{"not_picked":["Ball Lightning","Hologram+1"],"picked":"Heatsinks+1","floor":19},{"not_picked":["Streamline","Redo"],"picked":"FTL","floor":23},{"not_picked":["Biased Cognition","Consume"],"picked":"Gash","floor":27},{"not_picked":["Auto Shields","Chaos","Turbo"],"picked":"SKIP","floor":28},{"not_picked":["Barrage+1","Consume"],"picked":"Go for the Eyes","floor":30},{"not_picked":["Auto Shields","Tempest"],"picked":"Turbo+1","floor":31},{"not_picked":["Core Surge","Reboot"],"picked":"Seek","floor":33},{"not_picked":["Steam Power","Rip and Tear","Force Field"],"picked":"SKIP","floor":35},{"not_picked":["Ball Lightning","Hologram"],"picked":"Gash","floor":38},{"not_picked":["Tempest","Gash"],"picked":"Beam Cell+1","floor":39},{"not_picked":["Streamline","Rebound+1"],"picked":"Electrodynamics","floor":41},{"not_picked":["Go for the Eyes","Thunder Strike"],"picked":"Gash","floor":44},{"not_picked":["Discovery","Enlightenment"],"picked":"Good Instincts","floor":45},{"not_picked":["PanicButton","Metamorphosis"],"picked":"Panacea","floor":45},{"not_picked":["Jack Of All Trades","Panacea"],"picked":"Good Instincts","floor":45},{"not_picked":["Go for the Eyes","Hologram"],"picked":"Cold Snap+1","floor":46},{"not_picked":["Turbo","Gash","Go for the Eyes"],"picked":"SKIP","floor":48},{"not_picked":["Barrage","Tempest"],"picked":"Static Discharge+1","floor":55}],"player_experience":4632388,"relics_obtained":[{"floor":6,"key":"Omamori"},{"floor":9,"key":"Mummified Hand"},{"floor":12,"key":"Peace Pipe"},{"floor":14,"key":"Centennial Puzzle"},{"floor":23,"key":"Red Mask"},{"floor":41,"key":"Bag of Preparation"},{"floor":43,"key":"Symbiotic Virus"},{"floor":44,"key":"Letter Opener"},{"floor":46,"key":"Whetstone"},{"floor":55,"key":"Oddly Smooth Stone"}],"event_choices":[{"damage_healed":0,"gold_gain":0,"player_choice":"Donut","damage_taken":0,"max_hp_gain":5,"max_hp_loss":0,"event_name":"Big Fish","floor":3,"gold_loss":0},{"damage_healed":0,"gold_gain":0,"cards_transformed":["Strike_B"],"player_choice":"Transformed","damage_taken":0,"max_hp_gain":0,"max_hp_loss":0,"event_name":"Transmorgrifier","floor":4,"gold_loss":0,"cards_obtained":["Fission"]},{"damage_healed":0,"gold_gain":50,"player_choice":"Stole From Cult","damage_taken":0,"max_hp_gain":0,"max_hp_loss":0,"event_name":"Nest","floor":20,"gold_loss":0},{"damage_healed":0,"gold_gain":0,"player_choice":"Stole Relic","damage_taken":0,"relics_obtained":["Kunai"],"max_hp_gain":0,"max_hp_loss":0,"event_name":"Addict","floor":21,"gold_loss":0,"cards_obtained":["Shame"]},{"damage_healed":0,"gold_gain":0,"cards_transformed":["Strike_B","Strike_B"],"player_choice":"Became Test Subject","damage_taken":0,"max_hp_gain":0,"max_hp_loss":0,"event_name":"Drug Dealer","floor":22,"gold_loss":0,"cards_obtained":["Biased Cognition","Amplify"]},{"damage_healed":0,"gold_gain":0,"player_choice":"Fought Bandits","damage_taken":0,"max_hp_gain":0,"max_hp_loss":0,"event_name":"Masked Bandits","floor":23,"gold_loss":0},{"cards_removed":["Zap"],"damage_healed":0,"gold_gain":0,"player_choice":"Elegance","damage_taken":0,"max_hp_gain":0,"max_hp_loss":0,"event_name":"Back to Basics","floor":29,"gold_loss":0},{"damage_healed":0,"gold_gain":0,"player_choice":"Max HP","damage_taken":0,"max_hp_gain":0,"max_hp_loss":4,"event_name":"Winding Halls","floor":36,"gold_loss":0},{"damage_healed":0,"gold_gain":275,"player_choice":"Desecrate","damage_taken":0,"max_hp_gain":0,"max_hp_loss":0,"event_name":"Golden Shrine","floor":37,"gold_loss":0,"cards_obtained":["Regret"]},{"damage_healed":0,"gold_gain":0,"player_choice":"Memory 3","damage_taken":10,"max_hp_gain":0,"max_hp_loss":0,"event_name":"SensoryStone","floor":45,"gold_loss":0},{"damage_healed":0,"gold_gain":222,"player_choice":"Wore Mask","damage_taken":0,"max_hp_gain":0,"max_hp_loss":0,"event_name":"Tomb of Lord Red Mask","floor":47,"gold_loss":0}],"is_beta":true,"boss_relics":[{"not_picked":["Black Star","Eternal Feather"],"picked":"Coffee Dripper"},{"not_picked":["FrozenCore","Astrolabe"],"picked":"Runic Pyramid"}],"items_purged_floors":[13,24,54],"is_endless":false,"potions_floor_spawned":[1,2,8,12,16,23,30,31,41,48],"ascension_level":20}