{"gold_per_floor":[115,131,151,151,167,184,217,217,217,217,230,11,11,36,36,115,115,132,17,17,35,48,48,73,73,73,73],"floor_reached":27,"playtime":1464,"items_purged":[],"score":486,"play_id":"81f7a6ea-6675-456c-ac92-202b49cbac10","local_time":"20190206172455","is_ascension_mode":true,"campfire_choices":[{"data":"Dark Embrace","floor":8,"key":"SMITH"},{"data":"Corruption","floor":10,"key":"SMITH"},{"data":"Anger","floor":15,"key":"SMITH"},{"floor":23,"key":"REST"}],"neow_cost":"NONE","seed_source_timestamp":108146005712166,"circlet_count":0,"master_deck":["AscendersBane","Bash","Iron Wave","Feel No Pain","Anger+1","Thunderclap","Dark Embrace+1","Corruption+1","Havoc","Immolate","Dropkick","Dropkick","Corruption","Infernal Blade","Armaments","Pommel Strike","Ghostly Armor","Shrug It Off","Havoc","Intimidate","Intimidate","Corruption"],"relics":["Burning Blood","Letter Opener","Medical Kit","Red Skull","Pandora\u0027s Box","Dodecahedron"],"potions_floor_usage":[7,7,16,18,18,24],"damage_taken":[{"damage":1,"enemies":"Cultist","floor":1,"turns":3},{"damage":0,"enemies":"2 Louse","floor":2,"turns":3},{"damage":9,"enemies":"Jaw Worm","floor":3,"turns":6},{"damage":7,"enemies":"2 Fungi Beasts","floor":5,"turns":3},{"damage":6,"enemies":"3 Louse","floor":6,"turns":4},{"damage":35,"enemies":"Gremlin Nob","floor":7,"turns":5},{"damage":9,"enemies":"Looter","floor":11,"turns":3},{"damage":7,"enemies":"Lagavulin","floor":14,"turns":7},{"damage":30,"enemies":"Slime Boss","floor":16,"turns":7},{"damage":9,"enemies":"Spheric Guardian","floor":18,"turns":3},{"damage":27,"enemies":"2 Thieves","floor":21,"turns":3},{"damage":19,"enemies":"Sentry and Sphere","floor":22,"turns":5},{"damage":52,"enemies":"Slavers","floor":24,"turns":5},{"damage":13,"enemies":"Snecko","floor":27,"turns":2}],"seed_played":"-2222691366230852392","potions_obtained":[{"floor":1,"key":"Ancient Potion"},{"floor":2,"key":"Energy Potion"},{"floor":11,"key":"Energy Potion"},{"floor":14,"key":"Fire Potion"},{"floor":16,"key":"SteroidPotion"},{"floor":21,"key":"Energy Potion"}],"is_trial":false,"path_per_floor":["M","M","M","?","M","M","E","R","T","R","M","$","$","E","R","B",null,"M","$","?","M","M","R","E","?","T","M"],"character_chosen":"IRONCLAD","items_purchased":["Medical Kit","Shrug It Off","Havoc"],"campfire_rested":1,"item_purchase_floors":[12,19,19],"current_hp_per_floor":[80,82,79,79,78,78,49,49,49,49,46,46,46,45,45,21,67,64,64,64,43,30,54,8,8,8,0],"gold":73,"neow_bonus":"TEN_PERCENT_HP_BONUS","is_prod":false,"is_daily":false,"chose_seed":false,"campfire_upgraded":3,"win_rate":0,"timestamp":1549502695,"path_taken":["M","?","M","?","M","M","E","R","T","R","M","?","$","E","R","BOSS","M","$","?","M","M","R","E","?","T","M"],"build_version":"2019-01-23","purchased_purges":0,"victory":false,"max_hp_per_floor":[82,82,82,82,82,82,82,82,82,82,82,82,82,82,82,82,82,82,82,82,82,82,82,82,82,82,82],"card_choices":[{"not_picked":["Heavy Blade","Flex"],"picked":"Iron Wave","floor":1},{"not_picked":["Thunderclap","Twin Strike"],"picked":"Feel No Pain","floor":2},{"not_picked":["Shrug It Off","Searing Blow"],"picked":"Anger","floor":3},{"not_picked":["Evolve","Bloodletting"],"picked":"Thunderclap","floor":5},{"not_picked":["Iron Wave","Power Through"],"picked":"Dark Embrace","floor":6},{"not_picked":["Carnage","Dropkick"],"picked":"Corruption","floor":7},{"not_picked":["Headbutt","Dual Wield","Cleave"],"picked":"SKIP","floor":11},{"not_picked":["Limit Break","Anger"],"picked":"Havoc","floor":14},{"not_picked":["Berserk","Dark Embrace"],"picked":"Immolate","floor":16},{"not_picked":["Clash","Uppercut+1"],"picked":"Ghostly Armor","floor":18},{"not_picked":["Clash","Bloodletting","Iron Wave"],"picked":"SKIP","floor":21},{"not_picked":["Sword Boomerang","Iron Wave"],"picked":"Intimidate","floor":22},{"not_picked":["Perfected Strike","Iron Wave+1","Blood for Blood"],"picked":"SKIP","floor":24}],"player_experience":4692717,"relics_obtained":[{"floor":9,"key":"Letter Opener"},{"floor":14,"key":"Red Skull"},{"floor":24,"key":"Dodecahedron"}],"event_choices":[{"damage_healed":0,"gold_gain":0,"player_choice":"Ignored","damage_taken":0,"max_hp_gain":0,"max_hp_loss":0,"event_name":"Golden Idol","floor":4,"gold_loss":0},{"cards_removed":["Fire Breathing"],"damage_healed":0,"gold_gain":0,"player_choice":"Elegance","damage_taken":0,"max_hp_gain":0,"max_hp_loss":0,"event_name":"Back to Basics","floor":20,"gold_loss":0},{"damage_healed":0,"gold_gain":0,"cards_transformed":["Whirlwind","Combust"],"player_choice":"Became Test Subject","damage_taken":0,"max_hp_gain":0,"max_hp_loss":0,"event_name":"Drug Dealer","floor":25,"gold_loss":0,"cards_obtained":["Intimidate","Corruption"]}],"is_beta":true,"boss_relics":[{"not_picked":["Sozu","Busted Crown"],"picked":"Pandora\u0027s Box"}],"items_purged_floors":[],"is_endless":false,"potions_floor_spawned":[1,2,11,14,16,21],"killed_by":"Snecko","ascension_level":20}