{"gold_per_floor":[110,126,126,126,12,12,32,62,62,73,108,108,126,172,172,250,250,267,267,267,284,284,284,18,18,18,28,28,58,58,86,86,86],"floor_reached":33,"playtime":1397,"items_purged":[],"score":582,"play_id":"1e7e198c-e2e9-4b87-9fd6-0cb82a0050cd","local_time":"20190201164509","is_ascension_mode":true,"campfire_choices":[{"data":"Inflame","floor":6,"key":"SMITH"},{"data":"Uppercut","floor":12,"key":"SMITH"},{"data":"Battle Trance","floor":15,"key":"SMITH"},{"data":"Feed","floor":23,"key":"SMITH"},{"data":"Feel No Pain","floor":28,"key":"SMITH"},{"floor":30,"key":"REST"},{"data":"True Grit","floor":32,"key":"SMITH"}],"neow_cost":"NONE","seed_source_timestamp":282776131119982,"circlet_count":0,"master_deck":["AscendersBane","Strike_R","Strike_R","Strike_R","Strike_R","Defend_R","Defend_R","Defend_R","Defend_R","Bash","Uppercut+1","Headbutt","Havoc","Inflame+1","Sword Boomerang","Sword Boomerang","Anger","Battle Trance+1","Feed+1","True Grit+1","Ghostly","Ghostly","Ghostly","Pain","Feel No Pain+1","Thunderclap"],"relics":["Burning Blood","Shuriken","Bottled Tornado","Mango","Happy Flower","Cursed Key","Self Forming Clay","Regal Pillow","Meat on the Bone"],"potions_floor_usage":[8,16,29,29,33],"damage_taken":[{"damage":6,"enemies":"Jaw Worm","floor":1,"turns":5},{"damage":0,"enemies":"Cultist","floor":2,"turns":3},{"damage":5,"enemies":"2 Louse","floor":7,"turns":4},{"damage":34,"enemies":"3 Sentries","floor":8,"turns":9},{"damage":19,"enemies":"Gremlin Gang","floor":10,"turns":4},{"damage":6,"enemies":"Gremlin Nob","floor":11,"turns":3},{"damage":16,"enemies":"Exordium Thugs","floor":13,"turns":3},{"damage":26,"enemies":"Hexaghost","floor":16,"turns":5},{"damage":24,"enemies":"Shell Parasite","floor":18,"turns":3},{"damage":17,"enemies":"Spheric Guardian","floor":21,"turns":4},{"damage":8,"enemies":"Snake Plant","floor":27,"turns":5},{"damage":21,"enemies":"Slavers","floor":29,"turns":4},{"damage":15,"enemies":"Book of Stabbing","floor":31,"turns":5},{"damage":63,"enemies":"Collector","floor":33,"turns":6}],"seed_played":"5652909181525400787","potions_obtained":[{"floor":1,"key":"Weak Potion"},{"floor":7,"key":"FearPotion"},{"floor":13,"key":"LiquidBronze"},{"floor":21,"key":"EssenceOfSteel"},{"floor":25,"key":"Block Potion"},{"floor":31,"key":"FearPotion"}],"is_trial":false,"path_per_floor":["M","M","?","$","$","R","M","E","T","M","E","R","M","T","R","B",null,"M","?","?","M","T","R","$","?","T","M","R","E","R","E","R","B"],"character_chosen":"IRONCLAD","items_purchased":["Inflame","Sword Boomerang","Self Forming Clay"],"campfire_rested":1,"item_purchase_floors":[5,5,24],"current_hp_per_floor":[75,81,81,81,81,81,82,54,54,41,55,55,45,45,45,25,78,63,49,49,41,41,41,41,41,41,43,43,32,60,55,55,0],"gold":86,"neow_bonus":"TEN_PERCENT_HP_BONUS","is_prod":false,"is_daily":false,"chose_seed":false,"campfire_upgraded":6,"win_rate":0,"timestamp":1549068309,"path_taken":["M","M","?","?","$","R","M","E","T","M","E","R","M","?","R","BOSS","M","?","?","?","?","R","$","?","T","M","R","E","R","E","R","BOSS"],"build_version":"2019-01-23","purchased_purges":0,"victory":false,"max_hp_per_floor":[82,82,82,82,82,82,82,82,82,82,96,96,96,96,96,96,96,99,49,49,52,52,52,52,52,52,56,56,60,60,64,64,64],"card_choices":[{"not_picked":["Evolve","Headbutt"],"picked":"Uppercut","floor":1},{"not_picked":["Clash","Havoc"],"picked":"Headbutt","floor":2},{"not_picked":["Whirlwind","Evolve"],"picked":"Sword Boomerang","floor":7},{"not_picked":["Flame Barrier","Sword Boomerang"],"picked":"Anger","floor":8},{"not_picked":["Flame Barrier","Clothesline"],"picked":"Battle Trance","floor":10},{"not_picked":["Thunderclap","Anger","Body Slam"],"picked":"SKIP","floor":11},{"not_picked":["Perfected Strike","Clash","Rampage"],"picked":"SKIP","floor":13},{"not_picked":["Fiend Fire","Demon Form"],"picked":"Feed","floor":16},{"not_picked":["Carnage","Body Slam"],"picked":"True Grit","floor":18},{"not_picked":["Pommel Strike","Fire Breathing","Intimidate"],"picked":"SKIP","floor":21},{"not_picked":["Wild Strike","Iron Wave"],"picked":"Feel No Pain","floor":27},{"not_picked":["Entrench","Berserk","Body Slam"],"picked":"SKIP","floor":29},{"not_picked":["Clash","Sever Soul"],"picked":"Thunderclap","floor":31}],"player_experience":4638971,"relics_obtained":[{"floor":8,"key":"Shuriken"},{"floor":9,"key":"Bottled Tornado"},{"floor":11,"key":"Mango"},{"floor":14,"key":"Happy Flower"},{"floor":29,"key":"Regal Pillow"},{"floor":31,"key":"Meat on the Bone"}],"event_choices":[{"damage_healed":0,"gold_gain":0,"cards_transformed":["Strike_R"],"player_choice":"Transformed","damage_taken":0,"max_hp_gain":0,"max_hp_loss":0,"event_name":"Transmorgrifier","floor":3,"gold_loss":0,"cards_obtained":["Havoc"]},{"damage_healed":0,"gold_gain":0,"player_choice":"Became a Ghost","damage_taken":0,"max_hp_gain":0,"max_hp_loss":50,"event_name":"Ghosts","floor":19,"gold_loss":0,"cards_obtained":["Ghostly","Ghostly","Ghostly"]},{"damage_healed":0,"gold_gain":0,"player_choice":"Full Heal","damage_taken":0,"max_hp_gain":0,"max_hp_loss":0,"event_name":"Wheel of Change","floor":20,"gold_loss":0},{"damage_healed":0,"gold_gain":0,"player_choice":"Got Potions","damage_taken":0,"max_hp_gain":0,"max_hp_loss":0,"event_name":"Lab","floor":25,"gold_loss":0}],"is_beta":true,"boss_relics":[{"not_picked":["Calling Bell","Orrery"],"picked":"Cursed Key"}],"items_purged_floors":[],"is_endless":false,"potions_floor_spawned":[1,7,13,21,31],"killed_by":"Collector","ascension_level":20}