{"gold_per_floor":[118,118,118,43,63,88,88,118,118,150,150,163,7,20,20,92,92,109,159,109,127,49,49,62,62,62,93,104,104,168,182,182,182],"floor_reached":33,"playtime":2301,"items_purged":["Strike_G"],"score":606,"play_id":"72560a9a-ec5f-4a69-8dc6-aa535439e950","local_time":"20190203140940","is_ascension_mode":true,"campfire_choices":[{"data":"Glass Knife","floor":7,"key":"SMITH"},{"floor":11,"key":"REST"},{"data":"Skewer","floor":15,"key":"SMITH"},{"data":"Deadly Poison","floor":23,"key":"SMITH"},{"data":"Deadly Poison","floor":29,"key":"SMITH"},{"data":"Crippling Poison","floor":32,"key":"SMITH"}],"neow_cost":"TEN_PERCENT_HP_LOSS","seed_source_timestamp":445340673155434,"circlet_count":0,"master_deck":["AscendersBane","Defend_G","Defend_G","Defend_G","Defend_G","Defend_G","Strike_G","Strike_G","Strike_G","Survivor","Neutralize","Glass Knife+1","Deadly Poison+1","Malaise","Dagger Spray","Leg Sweep","Malaise","Skewer+1","PiercingWail","Dagger Spray","Adrenaline","PiercingWail","Deadly Poison+1","Infinite Blades","Acrobatics","Injury","Cloak And Dagger","Crippling Poison+1","Dodge and Roll","Backstab+1"],"relics":["Ring of the Snake","Ninja Scroll","Ornamental Fan","Strawberry","Kunai","Lantern","Cursed Key","Sundial","Paper Crane","Incense Burner","Tiny Chest"],"potions_floor_usage":[6,16,33,33],"damage_taken":[{"damage":0,"enemies":"2 Louse","floor":1,"turns":2},{"damage":0,"enemies":"Jaw Worm","floor":5,"turns":3},{"damage":12,"enemies":"Gremlin Nob","floor":6,"turns":4},{"damage":7,"enemies":"3 Sentries","floor":8,"turns":7},{"damage":13,"enemies":"Lagavulin","floor":10,"turns":6},{"damage":0,"enemies":"Cultist","floor":12,"turns":3},{"damage":0,"enemies":"Exordium Thugs","floor":14,"turns":3},{"damage":18,"enemies":"Slime Boss","floor":16,"turns":9},{"damage":0,"enemies":"Spheric Guardian","floor":18,"turns":1},{"damage":3,"enemies":"2 Thieves","floor":21,"turns":2},{"damage":11,"enemies":"Cultist and Chosen","floor":24,"turns":7},{"damage":9,"enemies":"Gremlin Leader","floor":27,"turns":6},{"damage":0,"enemies":"3 Cultists","floor":28,"turns":5},{"damage":3,"enemies":"Book of Stabbing","floor":30,"turns":8},{"damage":0,"enemies":"Chosen and Byrds","floor":31,"turns":9},{"damage":46,"enemies":"Collector","floor":33,"turns":9}],"seed_played":"-7556815625577323035","potions_obtained":[{"floor":1,"key":"GhostInAJar"},{"floor":8,"key":"GhostInAJar"},{"floor":16,"key":"SteroidPotion"}],"is_trial":false,"path_per_floor":["M","?","?","$","M","E","R","E","T","E","R","M","$","M","R","B",null,"M","?","?","M","$","R","M","?","T","E","M","R","E","M","R","B"],"character_chosen":"THE_SILENT","items_purchased":["SteroidPotion","Skewer","PiercingWail","Infinite Blades"],"campfire_rested":1,"item_purchase_floors":[13,13,13,22],"current_hp_per_floor":[59,48,48,48,48,36,36,36,36,23,43,43,43,43,43,25,57,57,57,57,54,54,54,43,43,43,34,34,34,31,31,31,0],"gold":182,"neow_bonus":"THREE_RARE_CARDS","is_prod":false,"is_daily":false,"chose_seed":false,"campfire_upgraded":5,"win_rate":0,"timestamp":1549231780,"path_taken":["M","?","?","$","M","E","R","E","T","E","R","?","$","M","R","BOSS","M","?","?","M","$","R","?","?","T","E","?","R","E","M","R","BOSS"],"build_version":"2019-01-23","purchased_purges":1,"victory":false,"max_hp_per_floor":[60,60,60,60,60,60,60,67,67,67,67,67,67,67,67,67,67,67,67,67,67,67,67,67,67,67,67,67,67,67,67,67,67],"card_choices":[{"not_picked":["Night Terror","After Image"],"picked":"Glass Knife","floor":0},{"not_picked":["Riddle With Holes","Outmaneuver"],"picked":"Deadly Poison","floor":1},{"not_picked":["Masterful Stab","Blade Dance"],"picked":"Dagger Spray","floor":5},{"not_picked":["Accuracy","Deflect","Setup"],"picked":"SKIP","floor":6},{"not_picked":["Riddle With Holes","Backflip"],"picked":"Leg Sweep","floor":8},{"not_picked":["Dagger Spray","Tactician"],"picked":"Malaise","floor":10},{"not_picked":["Outmaneuver","Concentrate"],"picked":"Dash","floor":12},{"not_picked":["Deadly Poison","Acrobatics"],"picked":"Dagger Spray","floor":14},{"not_picked":["Doppelganger","Phantasmal Killer"],"picked":"Adrenaline","floor":16},{"not_picked":["Prepared","Bane"],"picked":"PiercingWail","floor":18},{"not_picked":["Acrobatics","Expertise"],"picked":"Deadly Poison","floor":21},{"not_picked":["Deflect","Slice"],"picked":"Acrobatics","floor":24},{"not_picked":["Poisoned Stab","Slice"],"picked":"Cloak And Dagger","floor":27},{"not_picked":["Deadly Poison","Dash"],"picked":"Crippling Poison","floor":28},{"not_picked":["Poisoned Stab","Accuracy"],"picked":"Dodge and Roll","floor":30},{"not_picked":["Bane","Dagger Throw"],"picked":"Backstab+1","floor":31}],"player_experience":4653510,"relics_obtained":[{"floor":6,"key":"Ornamental Fan"},{"floor":8,"key":"Strawberry"},{"floor":9,"key":"Kunai"},{"floor":10,"key":"Lantern"},{"floor":26,"key":"Paper Crane"},{"floor":27,"key":"Incense Burner"},{"floor":30,"key":"Tiny Chest"}],"event_choices":[{"damage_healed":0,"gold_gain":0,"player_choice":"Success","damage_taken":11,"relics_obtained":["Ninja Scroll"],"max_hp_gain":0,"max_hp_loss":0,"event_name":"Scrap Ooze","floor":2,"gold_loss":0},{"damage_healed":0,"gold_gain":0,"cards_transformed":["Strike_G"],"player_choice":"Transformed","damage_taken":0,"max_hp_gain":0,"max_hp_loss":0,"event_name":"Transmorgrifier","floor":3,"gold_loss":0,"cards_obtained":["Malaise"]},{"damage_healed":0,"gold_gain":50,"player_choice":"Stole From Cult","damage_taken":0,"max_hp_gain":0,"max_hp_loss":0,"event_name":"Nest","floor":19,"gold_loss":0},{"damage_healed":0,"gold_gain":0,"player_choice":"Bet on Murderer","damage_taken":0,"max_hp_gain":0,"max_hp_loss":0,"event_name":"The Joust","floor":20,"gold_loss":50},{"cards_removed":["Dash"],"damage_healed":0,"gold_gain":0,"player_choice":"Gave Card","damage_taken":0,"relics_obtained":["Sundial"],"max_hp_gain":0,"max_hp_loss":0,"event_name":"WeMeetAgain","floor":25,"gold_loss":0}],"is_beta":true,"boss_relics":[{"not_picked":["Empty Cage","Eternal Feather"],"picked":"Cursed Key"}],"items_purged_floors":[4],"is_endless":false,"potions_floor_spawned":[1,8,14,16,24,28,31],"killed_by":"Collector","ascension_level":20}