{"gold_per_floor":[213,213,213,213,229,229,255,255,311,339,339,372,372,372,372,446,446,465,465,476,476,487,513,513,539,564,98,112,112,142,142,142,214,214,232,132,177,177,192,192,220,220,220,137,162,162,178,208,208,208,208,208,208,1,30,30],"floor_reached":57,"playtime":2821,"items_purged":["Strike_R","Strike_R","Strike_R+1"],"score":3041,"play_id":"43d2194a-b633-4b54-ac53-9892f950c66c","local_time":"20190208183505","is_ascension_mode":true,"campfire_choices":[{"floor":6,"key":"REST"},{"floor":8,"key":"REST"},{"data":"Whirlwind","floor":11,"key":"SMITH"},{"floor":13,"key":"REST"},{"floor":15,"key":"REST"},{"data":"Immolate","floor":24,"key":"SMITH"},{"floor":29,"key":"DIG"},{"floor":32,"key":"DIG"},{"floor":40,"key":"DIG"},{"floor":49,"key":"RECALL"},{"floor":53,"key":"DIG"}],"neow_cost":"NONE","seed_source_timestamp":159722374209855,"circlet_count":0,"master_deck":["AscendersBane","Defend_R","Defend_R","Defend_R+1","Defend_R+1","Bash+1","Disarm","Rampage","Whirlwind+1","Offering+1","Corruption","Clothesline+1","Immolate+1","Blood for Blood+1","Immolate+1","Dual Wield","Offering","True Grit+1","True Grit","Spot Weakness","Apotheosis","Discovery","Bludgeon","Battle Trance+1","Armaments","Evolve","Clothesline","Second Wind+1"],"relics":["Burning Blood","Juzu Bracelet","Tiny Chest","Dream Catcher","War Paint","Mercury Hourglass","Snecko Eye","Regal Pillow","Shovel","Bag of Marbles","Potion Belt","Pen Nib","Boot","Red Skull","Ancient Tea Set","Black Star","Peace Pipe","Strawberry","Thread and Needle","Whetstone","Mummified Hand","Orichalcum","Bag of Preparation","Bird Faced Urn","Letter Opener","PreservedInsect","Blue Candle","Anchor","Pantograph"],"potions_floor_usage":[10,12,16,33,37,51,56,56,56,56],"damage_taken":[{"damage":9,"enemies":"Jaw Worm","floor":1,"turns":4},{"damage":0,"enemies":"2 Louse","floor":5,"turns":3},{"damage":23,"enemies":"Lagavulin","floor":7,"turns":7},{"damage":27,"enemies":"Gremlin Nob","floor":10,"turns":4},{"damage":32,"enemies":"3 Sentries","floor":12,"turns":7},{"damage":14,"enemies":"Slime Boss","floor":16,"turns":10},{"damage":6,"enemies":"2 Thieves","floor":18,"turns":1},{"damage":6,"enemies":"3 Byrds","floor":20,"turns":2},{"damage":11,"enemies":"Snake Plant","floor":22,"turns":3},{"damage":27,"enemies":"Slavers","floor":23,"turns":3},{"damage":16,"enemies":"Gremlin Leader","floor":25,"turns":4},{"damage":5,"enemies":"Centurion and Healer","floor":28,"turns":4},{"damage":6,"enemies":"Slavers","floor":30,"turns":1},{"damage":20,"enemies":"Collector","floor":33,"turns":3},{"damage":6,"enemies":"Orb Walker","floor":35,"turns":2},{"damage":12,"enemies":"2 Orb Walkers","floor":37,"turns":1},{"damage":0,"enemies":"3 Darklings","floor":39,"turns":1},{"damage":12,"enemies":"Reptomancer","floor":41,"turns":2},{"damage":6,"enemies":"Nemesis","floor":45,"turns":1},{"damage":6,"enemies":"Jaw Worm Horde","floor":47,"turns":1},{"damage":0,"enemies":"Reptomancer","floor":48,"turns":1},{"damage":29,"enemies":"Donu and Deca","floor":50,"turns":4},{"damage":45,"enemies":"Time Eater","floor":51,"turns":4},{"damage":18,"enemies":"Shield and Spear","floor":55,"turns":4},{"damage":64,"enemies":"The Heart","floor":56,"turns":6}],"seed_played":"8264166709704761289","potions_obtained":[{"floor":7,"key":"SkillPotion"},{"floor":10,"key":"SpeedPotion"},{"floor":12,"key":"EssenceOfSteel"},{"floor":18,"key":"SneckoOil"},{"floor":23,"key":"FairyPotion"},{"floor":28,"key":"SpeedPotion"},{"floor":35,"key":"Swift Potion"},{"floor":41,"key":"Block Potion"},{"floor":45,"key":"SkillPotion"},{"floor":55,"key":"Explosive Potion"}],"is_trial":false,"path_per_floor":["M","?","?","?","M","R","E","R","T","E","R","E","R","?","R","B",null,"M","?","M","?","M","E","R","E","T","$","M","R","E","?","R","B",null,"M","$","?","T","M","R","E","?","T","$","E","T","M","E","R","B","B",null,"R","$","E","B",null],"character_chosen":"IRONCLAD","items_purchased":["Potion Belt","Pen Nib","PowerPotion","Bludgeon","PowerPotion","Clothesline"],"campfire_rested":4,"item_purchase_floors":[27,27,27,44,54,54],"current_hp_per_floor":[65,65,42,35,41,63,46,68,68,47,47,21,43,32,54,46,68,68,68,68,68,63,42,42,32,32,32,33,33,33,33,33,19,61,61,61,55,55,61,68,62,52,52,52,52,52,52,58,58,39,10,64,64,64,56,28],"gold":30,"neow_bonus":"HUNDRED_GOLD","is_prod":false,"is_daily":false,"chose_seed":false,"campfire_upgraded":2,"win_rate":0,"timestamp":1549679705,"path_taken":["M","?","?","?","M","R","E","R","T","E","R","E","R","?","R","BOSS","M","?","M","?","M","E","R","E","T","?","M","R","E","?","R","BOSS","M","$","?","?","M","R","E","?","T","$","E","?","M","E","R","BOSS","BOSS","R","$","E","BOSS"],"build_version":"2019-02-06","purchased_purges":3,"victory":true,"max_hp_per_floor":[75,75,75,75,75,75,75,75,75,75,75,75,75,75,75,75,75,75,75,75,75,75,75,75,75,75,75,75,75,75,75,75,75,75,75,75,75,75,75,82,82,82,82,82,82,82,82,82,82,82,82,82,82,82,82,82],"card_choices":[{"not_picked":["Iron Wave","Shrug It Off"],"picked":"Disarm","floor":1},{"not_picked":["Seeing Red","Clash"],"picked":"Rampage","floor":5},{"not_picked":["Warcry","Dual Wield","Fire Breathing"],"picked":"SKIP","floor":7},{"not_picked":["Cleave","True Grit"],"picked":"Whirlwind","floor":10},{"not_picked":["Body Slam","Infernal Blade"],"picked":"Offering","floor":12},{"not_picked":["Anger","Intimidate"],"picked":"Corruption","floor":13},{"not_picked":["Twin Strike","Iron Wave"],"picked":"Clothesline","floor":15},{"not_picked":["Exhume","Double Tap"],"picked":"Immolate","floor":16},{"not_picked":["Fire Breathing","Second Wind","Twin Strike"],"picked":"SKIP","floor":18},{"not_picked":["Headbutt","Iron Wave","Perfected Strike"],"picked":"SKIP","floor":20},{"not_picked":["Headbutt","Clash"],"picked":"Blood for Blood+1","floor":22},{"not_picked":["Warcry","Flex"],"picked":"Immolate","floor":23},{"not_picked":["Bloodletting","Perfected Strike","Twin Strike"],"picked":"SKIP","floor":25},{"not_picked":["Pommel Strike","Cleave"],"picked":"Dual Wield","floor":28},{"not_picked":["Wild Strike","Ghostly Armor","Warcry"],"picked":"SKIP","floor":30},{"not_picked":["Fiend Fire","Brutality"],"picked":"Offering","floor":33},{"not_picked":["Iron Wave+1","Clash"],"picked":"True Grit+1","floor":35},{"not_picked":["Pommel Strike","Rage"],"picked":"True Grit","floor":37},{"not_picked":["Sentinel","Pummel","Cleave"],"picked":"SKIP","floor":39},{"not_picked":["Cleave","Sword Boomerang"],"picked":"Spot Weakness","floor":41},{"not_picked":["Purity","Secret Weapon"],"picked":"Apotheosis","floor":42},{"not_picked":["Trip","Deep Breath"],"picked":"Discovery","floor":42},{"not_picked":["Clothesline","Iron Wave"],"picked":"Battle Trance+1","floor":45},{"not_picked":["Body Slam+1","Rupture"],"picked":"Armaments","floor":47},{"not_picked":["Combust+1","Sword Boomerang"],"picked":"Evolve","floor":48},{"not_picked":["Pommel Strike","Thunderclap"],"picked":"Second Wind+1","floor":55}],"player_experience":4737484,"relics_obtained":[{"floor":7,"key":"Juzu Bracelet"},{"floor":9,"key":"Tiny Chest"},{"floor":10,"key":"Dream Catcher"},{"floor":12,"key":"War Paint"},{"floor":23,"key":"Regal Pillow"},{"floor":25,"key":"Shovel"},{"floor":26,"key":"Bag of Marbles"},{"floor":29,"key":"Boot"},{"floor":30,"key":"Red Skull"},{"floor":32,"key":"Ancient Tea Set"},{"floor":37,"key":"Peace Pipe"},{"floor":40,"key":"Strawberry"},{"floor":41,"key":"Thread and Needle"},{"floor":41,"key":"Whetstone"},{"floor":43,"key":"Mummified Hand"},{"floor":45,"key":"Orichalcum"},{"floor":45,"key":"Bag of Preparation"},{"floor":46,"key":"Bird Faced Urn"},{"floor":48,"key":"Letter Opener"},{"floor":48,"key":"PreservedInsect"},{"floor":53,"key":"Blue Candle"},{"floor":55,"key":"Anchor"},{"floor":55,"key":"Pantograph"}],"event_choices":[{"damage_healed":0,"gold_gain":0,"player_choice":"Grow","damage_taken":0,"max_hp_gain":0,"max_hp_loss":0,"event_name":"Living Wall","floor":2,"gold_loss":0,"cards_upgraded":["Bash"]},{"damage_healed":0,"gold_gain":0,"player_choice":"Entered Light","damage_taken":23,"max_hp_gain":0,"max_hp_loss":0,"event_name":"Shining Light","floor":3,"gold_loss":0,"cards_upgraded":["Strike_R","Defend_R"]},{"cards_removed":["Strike_R"],"damage_healed":0,"gold_gain":0,"player_choice":"Card Removal","damage_taken":7,"max_hp_gain":0,"max_hp_loss":0,"event_name":"Golden Wing","floor":4,"gold_loss":0},{"damage_healed":0,"gold_gain":0,"player_choice":"Success","damage_taken":11,"relics_obtained":["Mercury Hourglass"],"max_hp_gain":0,"max_hp_loss":0,"event_name":"Scrap Ooze","floor":14,"gold_loss":0},{"damage_healed":0,"gold_gain":0,"player_choice":"Ignored","damage_taken":0,"max_hp_gain":0,"max_hp_loss":0,"event_name":"Vampires","floor":19,"gold_loss":0},{"damage_healed":0,"gold_gain":0,"player_choice":"Ignored","damage_taken":0,"max_hp_gain":0,"max_hp_loss":0,"event_name":"The Mausoleum","floor":21,"gold_loss":0},{"cards_removed":["Strike_R"],"damage_healed":0,"gold_gain":0,"player_choice":"Elegance","damage_taken":0,"max_hp_gain":0,"max_hp_loss":0,"event_name":"Back to Basics","floor":31,"gold_loss":0},{"damage_healed":0,"gold_gain":0,"player_choice":"Fight","damage_taken":0,"max_hp_gain":0,"max_hp_loss":0,"event_name":"Mysterious Sphere","floor":37,"gold_loss":0},{"damage_healed":0,"gold_gain":0,"player_choice":"Memory 3","damage_taken":10,"max_hp_gain":0,"max_hp_loss":0,"event_name":"SensoryStone","floor":42,"gold_loss":0}],"is_beta":true,"boss_relics":[{"not_picked":["Lizard Tail","Mark of Pain"],"picked":"Snecko Eye"},{"not_picked":["Cursed Key","Philosopher\u0027s Stone"],"picked":"Black Star"}],"items_purged_floors":[27,36,54],"is_endless":false,"potions_floor_spawned":[7,10,12,18,23,28,30,35,41,45,47,55],"ascension_level":20}