{"gold_per_floor":[18,36,52,78,95,128,147,147,147,147,164,11,37,37,37,115,115,115,115,115,115,15,15,15,15,15,15,15,15,15,15,15,15,15,15,15,15,15,15,15,15,15,15,15,15,15,15,15,15,15,15,15,15,15,15,15],"floor_reached":57,"playtime":5826,"items_purged":["Strike_G","Strike_G"],"score":3189,"play_id":"8c3996ff-cfd2-47b2-862c-2948783545f5","local_time":"20190211233416","is_ascension_mode":true,"campfire_choices":[{"data":"Glass Knife","floor":8,"key":"SMITH"},{"data":"Footwork","floor":10,"key":"SMITH"},{"data":"Noxious Fumes","floor":15,"key":"SMITH"},{"data":"Envenom","floor":24,"key":"SMITH"},{"data":"After Image","floor":28,"key":"SMITH"},{"data":"Well Laid Plans","floor":32,"key":"SMITH"},{"data":"Flechettes","floor":40,"key":"SMITH"},{"floor":45,"key":"RECALL"},{"data":"Neutralize","floor":49,"key":"SMITH"},{"data":"Survivor","floor":53,"key":"SMITH"}],"neow_cost":"NO_GOLD","seed_source_timestamp":108032970940340,"circlet_count":0,"master_deck":["AscendersBane","Defend_G","Defend_G","Defend_G","Defend_G","Defend_G","Strike_G","Survivor+1","Neutralize+1","Glass Knife+1","Footwork+1","Cloak And Dagger","Envenom+1","Dagger Throw","Well Laid Plans+1","PiercingWail+1","Skewer","Cloak And Dagger+1","Noxious Fumes+1","After Image+1","Dagger Spray","PiercingWail+1","Bouncing Flask+1","Dodge and Roll+1","Backflip+1","Deflect+1","Escape Plan+1","Malaise+1","Escape Plan+1","Flechettes+1","Tools of the Trade","Caltrops+1","Cloak And Dagger+1","Calculated Gamble+1","Backflip+1"],"relics":["Ring of the Snake","Oddly Smooth Stone","Toxic Egg 2","Ginger","Anchor","Ectoplasm","Ninja Scroll","Blood Vial","Red Mask","Runic Pyramid","FossilizedHelix","Gremlin Horn","Mummified Hand","Pear"],"potions_floor_usage":[6,13,23,56,56,56],"damage_taken":[{"damage":0,"enemies":"Cultist","floor":1,"turns":3},{"damage":0,"enemies":"Jaw Worm","floor":2,"turns":4},{"damage":0,"enemies":"2 Louse","floor":3,"turns":4},{"damage":1,"enemies":"Large Slime","floor":5,"turns":6},{"damage":19,"enemies":"3 Sentries","floor":6,"turns":8},{"damage":1,"enemies":"Blue Slaver","floor":7,"turns":5},{"damage":3,"enemies":"3 Louse","floor":11,"turns":4},{"damage":3,"enemies":"Lagavulin","floor":13,"turns":7},{"damage":15,"enemies":"The Guardian","floor":16,"turns":11},{"damage":0,"enemies":"3 Byrds","floor":18,"turns":5},{"damage":12,"enemies":"Slavers","floor":23,"turns":7},{"damage":12,"enemies":"Book of Stabbing","floor":25,"turns":6},{"damage":0,"enemies":"Spheric Guardian","floor":27,"turns":6},{"damage":8,"enemies":"Masked Bandits","floor":29,"turns":6},{"damage":0,"enemies":"Slavers","floor":30,"turns":7},{"damage":4,"enemies":"Shelled Parasite and Fungi","floor":31,"turns":6},{"damage":0,"enemies":"Automaton","floor":33,"turns":11},{"damage":0,"enemies":"3 Darklings","floor":35,"turns":5},{"damage":0,"enemies":"Orb Walker","floor":36,"turns":4},{"damage":0,"enemies":"Spire Growth","floor":37,"turns":6},{"damage":0,"enemies":"4 Shapes","floor":38,"turns":10},{"damage":8,"enemies":"Giant Head","floor":41,"turns":11},{"damage":0,"enemies":"Maw","floor":42,"turns":7},{"damage":0,"enemies":"Transient","floor":44,"turns":6},{"damage":0,"enemies":"Nemesis","floor":47,"turns":7},{"damage":0,"enemies":"4 Shapes","floor":48,"turns":6},{"damage":0,"enemies":"Donu and Deca","floor":50,"turns":11},{"damage":0,"enemies":"Time Eater","floor":51,"turns":13},{"damage":9,"enemies":"Shield and Spear","floor":55,"turns":11},{"damage":0,"enemies":"The Heart","floor":56,"turns":10}],"seed_played":"540310724642735022","potions_obtained":[{"floor":2,"key":"Poison Potion"},{"floor":5,"key":"LiquidBronze"},{"floor":13,"key":"SpeedPotion"},{"floor":18,"key":"GhostInAJar"},{"floor":25,"key":"Block Potion"},{"floor":27,"key":"EntropicBrew"}],"is_trial":false,"path_per_floor":["M","M","M","T","M","E","M","R","T","R","M","$","E","?","R","B",null,"M","?","?","$","$","E","R","E","T","M","R","?","E","M","R","B",null,"M","M","M","M","?","R","E","M","T","M","R","$","E","M","R","B","B",null,"R","$","E","B",null],"character_chosen":"THE_SILENT","items_purchased":["Cloak And Dagger+1","Poison Potion"],"campfire_rested":0,"item_purchase_floors":[12,12],"current_hp_per_floor":[59,59,59,59,58,39,38,38,38,38,35,35,32,32,32,17,54,54,54,54,54,54,42,42,30,30,32,32,26,28,26,26,28,57,59,61,63,65,65,65,58,60,60,62,62,62,64,66,66,66,66,66,66,66,67,69],"gold":15,"neow_bonus":"THREE_RARE_CARDS","is_prod":false,"is_daily":false,"chose_seed":false,"campfire_upgraded":9,"win_rate":0,"timestamp":1549956856,"path_taken":["M","?","M","?","M","E","M","R","T","R","?","?","E","?","R","BOSS","M","?","?","?","$","E","R","E","T","M","R","?","E","M","R","BOSS","M","M","M","M","?","R","E","M","T","M","R","$","E","M","R","BOSS","BOSS","R","$","E","BOSS"],"build_version":"2019-02-06","purchased_purges":2,"victory":true,"max_hp_per_floor":[66,66,66,66,66,66,66,66,66,66,66,66,66,66,66,66,66,66,66,66,66,66,66,66,66,66,66,66,66,66,66,66,66,66,66,66,66,66,66,66,66,66,66,66,66,66,66,66,66,66,66,66,66,66,76,76],"card_choices":[{"not_picked":["Bullet Time","Unload"],"picked":"Glass Knife","floor":0},{"not_picked":["Slice","Choke"],"picked":"Footwork","floor":1},{"not_picked":["Dagger Throw","Deadly Poison"],"picked":"Cloak And Dagger","floor":2},{"not_picked":["Slice","Terror"],"picked":"Envenom","floor":3},{"not_picked":["Distraction","Eviscerate"],"picked":"Dagger Throw","floor":5},{"not_picked":["Underhanded Strike","Deflect"],"picked":"Well Laid Plans","floor":6},{"not_picked":["Catalyst+1","Blade Dance+1"],"picked":"PiercingWail+1","floor":7},{"not_picked":["Concentrate+1","Dagger Throw"],"picked":"Skewer","floor":11},{"not_picked":["Blade Dance+1","Dagger Throw"],"picked":"Noxious Fumes","floor":13},{"not_picked":["Tools of the Trade","Envenom"],"picked":"After Image","floor":16},{"not_picked":["Underhanded Strike","Dagger Spray","Eviscerate"],"picked":"SKIP","floor":18},{"not_picked":["Underhanded Strike","Eviscerate"],"picked":"Dagger Spray","floor":18},{"not_picked":["Flying Knee","Sucker Punch","Infinite Blades"],"picked":"SKIP","floor":23},{"not_picked":["Flying Knee","Sucker Punch","Infinite Blades"],"picked":"SKIP","floor":23},{"not_picked":["Caltrops","Slice"],"picked":"Bouncing Flask+1","floor":25},{"not_picked":["Outmaneuver+1","Deadly Poison+1"],"picked":"Dodge and Roll+1","floor":27},{"not_picked":["Accuracy","Distraction+1"],"picked":"Backflip+1","floor":29},{"not_picked":["Backstab","Glass Knife"],"picked":"Deflect+1","floor":30},{"not_picked":["Riddle With Holes","Leg Sweep+1"],"picked":"Escape Plan+1","floor":31},{"not_picked":["Wraith Form v2","Corpse Explosion+1"],"picked":"Malaise+1","floor":33},{"not_picked":["Sucker Punch","Flying Knee+1"],"picked":"Escape Plan+1","floor":35},{"not_picked":["Masterful Stab","Dodge and Roll+1"],"picked":"Flechettes","floor":36},{"not_picked":["Outmaneuver+1","Finisher","Poisoned Stab"],"picked":"SKIP","floor":37},{"not_picked":["Deflect+1","Blade Dance+1"],"picked":"Tools of the Trade","floor":38},{"not_picked":["Doppelganger+1","Sucker Punch"],"picked":"Caltrops+1","floor":41},{"not_picked":["Underhanded Strike","Flying Knee"],"picked":"Cloak And Dagger+1","floor":42},{"not_picked":["Deflect+1","Flechettes+1"],"picked":"Calculated Gamble+1","floor":44},{"not_picked":["Dagger Spray","Distraction+1","Poisoned Stab"],"picked":"SKIP","floor":47},{"not_picked":["Bouncing Flask+1","Endless Agony","Deflect+1"],"picked":"SKIP","floor":48},{"not_picked":["Blade Dance+1","Bullet Time+1"],"picked":"Backflip+1","floor":55}],"player_experience":4764905,"relics_obtained":[{"floor":4,"key":"Oddly Smooth Stone"},{"floor":6,"key":"Toxic Egg 2"},{"floor":9,"key":"Ginger"},{"floor":13,"key":"Anchor"},{"floor":23,"key":"Ninja Scroll"},{"floor":25,"key":"Blood Vial"},{"floor":29,"key":"Red Mask"},{"floor":41,"key":"FossilizedHelix"},{"floor":43,"key":"Gremlin Horn"},{"floor":47,"key":"Mummified Hand"},{"floor":55,"key":"Pear"}],"event_choices":[{"cards_removed":["Strike_G"],"damage_healed":0,"gold_gain":0,"player_choice":"Forget","damage_taken":0,"max_hp_gain":0,"max_hp_loss":0,"event_name":"Living Wall","floor":14,"gold_loss":0},{"damage_healed":0,"gold_gain":0,"player_choice":"Ignored","damage_taken":0,"max_hp_gain":0,"max_hp_loss":0,"event_name":"Vampires","floor":19,"gold_loss":0},{"damage_healed":0,"gold_gain":0,"player_choice":"Read","damage_taken":0,"max_hp_gain":0,"max_hp_loss":0,"event_name":"The Library","floor":20,"gold_loss":0,"cards_obtained":["PiercingWail"]},{"damage_healed":0,"gold_gain":0,"player_choice":"Fought Bandits","damage_taken":0,"max_hp_gain":0,"max_hp_loss":0,"event_name":"Masked Bandits","floor":29,"gold_loss":0},{"cards_removed":["Strike_G"],"damage_healed":0,"gold_gain":0,"player_choice":"Removed Attack","damage_taken":0,"max_hp_gain":0,"max_hp_loss":0,"event_name":"Falling","floor":39,"gold_loss":0}],"is_beta":true,"boss_relics":[{"not_picked":["Ring of the Serpent","White Beast Statue"],"picked":"Ectoplasm"},{"not_picked":["Fusion Hammer","Velvet Choker"],"picked":"Runic Pyramid"}],"items_purged_floors":[12,22],"is_endless":false,"potions_floor_spawned":[2,5,13,18,25,27,33,37,38,41,48,55],"ascension_level":20}