{"gold_per_floor":[113,6,6,16,16,42,55,89,89,126,138,150,177,207,219,302,314,338,350,380,402,414,426],"floor_reached":23,"playtime":1483,"items_purged":[],"score":422,"play_id":"f5ae96c6-3752-42c6-9202-f0c599af8053","local_time":"20190207151822","is_ascension_mode":true,"campfire_choices":[{"data":"Evolve","floor":12,"key":"SMITH"},{"data":"Wild Strike","floor":15,"key":"SMITH"}],"neow_cost":"NONE","seed_source_timestamp":62917574355801,"circlet_count":0,"master_deck":["AscendersBane","Strike_R","Strike_R","Strike_R","Strike_R","Strike_R","Defend_R+1","Defend_R+1","Defend_R","Defend_R","Bash+1","Shrug It Off+1","Pommel Strike","Evolve+1","Rampage","Wild Strike+1","Headbutt","Fiend Fire","Thunderclap+1","Shrug It Off"],"relics":["Burning Blood","War Paint","The Courier","MawBank","Bird Faced Urn","Mark of Pain"],"potions_floor_usage":[6,8,10,10,10,14,18,21,23],"damage_taken":[{"damage":1,"enemies":"Cultist","floor":1,"turns":3},{"damage":0,"enemies":"2 Louse","floor":4,"turns":4},{"damage":22,"enemies":"Gremlin Nob","floor":6,"turns":4},{"damage":0,"enemies":"Small Slimes","floor":7,"turns":4},{"damage":24,"enemies":"3 Sentries","floor":8,"turns":9},{"damage":16,"enemies":"Lagavulin","floor":10,"turns":7},{"damage":14,"enemies":"3 Louse","floor":13,"turns":4},{"damage":15,"enemies":"Gremlin Gang","floor":14,"turns":6},{"damage":20,"enemies":"Slime Boss","floor":16,"turns":8},{"damage":17,"enemies":"3 Byrds","floor":18,"turns":6},{"damage":17,"enemies":"2 Thieves","floor":20,"turns":3},{"damage":11,"enemies":"Snake Plant","floor":21,"turns":2},{"damage":32,"enemies":"Book of Stabbing","floor":23,"turns":3}],"seed_played":"-4659921176206716877","potions_obtained":[{"floor":6,"key":"EntropicBrew"},{"floor":8,"key":"Energy Potion"},{"floor":13,"key":"Swift Potion"},{"floor":14,"key":"Swift Potion"},{"floor":19,"key":"Swift Potion"},{"floor":21,"key":"Fire Potion"}],"is_trial":false,"path_per_floor":["M","$","?","M","?","E","M","E","T","E","?","R","M","M","R","B",null,"M","?","M","M","?","E"],"character_chosen":"IRONCLAD","items_purchased":["SteroidPotion","Poison Potion"],"campfire_rested":0,"item_purchase_floors":[2,2],"current_hp_per_floor":[73,73,73,75,75,59,65,47,47,37,85,85,77,68,68,56,78,69,69,60,57,32,0],"gold":426,"neow_bonus":"UPGRADE_CARD","is_prod":false,"is_daily":false,"chose_seed":false,"campfire_upgraded":2,"win_rate":0,"timestamp":1549581502,"path_taken":["M","?","?","M","?","E","M","E","T","E","?","R","?","?","R","BOSS","M","?","?","M","?","E"],"build_version":"2019-02-06","purchased_purges":0,"victory":false,"max_hp_per_floor":[75,75,75,75,75,75,75,75,75,75,85,85,85,85,85,85,85,85,85,85,85,90,90],"card_choices":[{"not_picked":["Twin Strike","Havoc"],"picked":"Shrug It Off","floor":1},{"not_picked":["Shrug It Off","Sentinel"],"picked":"Pommel Strike","floor":4},{"not_picked":["Blood for Blood","Clash"],"picked":"Evolve","floor":6},{"not_picked":["Metallicize","Fire Breathing"],"picked":"Rampage","floor":7},{"not_picked":["Ghostly Armor","Sword Boomerang"],"picked":"Double Tap","floor":8},{"not_picked":["Heavy Blade","Perfected Strike"],"picked":"Wild Strike","floor":10},{"not_picked":["Seeing Red","Hemokinesis","Searing Blow"],"picked":"SKIP","floor":13},{"not_picked":["Whirlwind","Wild Strike"],"picked":"Headbutt","floor":14},{"not_picked":["Double Tap","Demon Form"],"picked":"Fiend Fire","floor":16},{"not_picked":["Anger","Dual Wield+1"],"picked":"Thunderclap+1","floor":18},{"not_picked":["Anger","Sword Boomerang"],"picked":"Shrug It Off","floor":20},{"not_picked":["Bludgeon","Seeing Red","Clash"],"picked":"SKIP","floor":21}],"player_experience":4704583,"relics_obtained":[{"floor":6,"key":"War Paint"},{"floor":8,"key":"The Courier"},{"floor":9,"key":"MawBank"},{"floor":10,"key":"Bird Faced Urn"}],"event_choices":[{"damage_healed":0,"gold_gain":0,"player_choice":"Grow","damage_taken":0,"max_hp_gain":0,"max_hp_loss":0,"event_name":"Living Wall","floor":3,"gold_loss":0,"cards_upgraded":["Shrug It Off"]},{"damage_healed":0,"gold_gain":0,"player_choice":"Ignored","damage_taken":0,"max_hp_gain":0,"max_hp_loss":0,"event_name":"Golden Idol","floor":5,"gold_loss":0},{"cards_removed":["Double Tap"],"damage_healed":38,"gold_gain":0,"player_choice":"Offered Rare","damage_taken":0,"max_hp_gain":10,"max_hp_loss":0,"event_name":"Bonfire Elementals","floor":11,"gold_loss":0},{"damage_healed":0,"gold_gain":0,"player_choice":"Got Potions","damage_taken":0,"max_hp_gain":0,"max_hp_loss":0,"event_name":"Lab","floor":19,"gold_loss":0},{"damage_healed":0,"gold_gain":0,"player_choice":"Shed Blood","damage_taken":30,"max_hp_gain":5,"max_hp_loss":0,"event_name":"Forgotten Altar","floor":22,"gold_loss":0}],"is_beta":true,"boss_relics":[{"not_picked":["Sozu","Empty Cage"],"picked":"Mark of Pain"}],"items_purged_floors":[],"is_endless":false,"potions_floor_spawned":[6,8,13,14,21],"killed_by":"Book of Stabbing","ascension_level":20}