{"gold_per_floor":[115,115,129,142,152,152,179,179,224,234,291,291,340,352,352,430,430,443,468,479,479],"floor_reached":21,"playtime":1205,"items_purged":[],"score":362,"play_id":"0e0a5cc2-124c-42e1-afac-5aeef1615528","local_time":"20190208131219","is_ascension_mode":true,"campfire_choices":[{"data":"Crippling Poison","floor":6,"key":"SMITH"},{"data":"Skewer","floor":8,"key":"SMITH"},{"data":"Poisoned Stab","floor":12,"key":"SMITH"},{"data":"Neutralize","floor":15,"key":"SMITH"}],"neow_cost":"NONE","seed_source_timestamp":142033720794706,"circlet_count":0,"master_deck":["AscendersBane","Defend_G","Defend_G","Defend_G","Defend_G","Defend_G","Strike_G","Strike_G","Survivor","Neutralize+1","Skewer+1","PiercingWail","Crippling Poison+1","Cloak And Dagger","Poisoned Stab+1","Dagger Throw","Adrenaline","Eviscerate+1","Concentrate+1","Skewer+1","Predator"],"relics":["Ring of the Snake","Darkstone Periapt","Tiny Chest","Snake Skull","Astrolabe","Orichalcum"],"potions_floor_usage":[7,16,16],"damage_taken":[{"damage":2,"enemies":"2 Louse","floor":1,"turns":5},{"damage":6,"enemies":"Cultist","floor":3,"turns":6},{"damage":4,"enemies":"Jaw Worm","floor":4,"turns":8},{"damage":17,"enemies":"Exordium Thugs","floor":5,"turns":7},{"damage":22,"enemies":"3 Sentries","floor":7,"turns":7},{"damage":0,"enemies":"3 Louse","floor":10,"turns":3},{"damage":3,"enemies":"Large Slime","floor":14,"turns":4},{"damage":6,"enemies":"Hexaghost","floor":16,"turns":10},{"damage":27,"enemies":"3 Byrds","floor":18,"turns":6},{"damage":18,"enemies":"Shell Parasite","floor":20,"turns":5},{"damage":21,"enemies":"Chosen and Byrds","floor":21,"turns":4}],"seed_played":"8798701939667342516","potions_obtained":[{"floor":3,"key":"Poison Potion"},{"floor":7,"key":"GhostInAJar"},{"floor":10,"key":"Strength Potion"}],"is_trial":false,"path_per_floor":["M","?","M","M","M","R","E","R","T","M","T","R","T","M","R","B",null,"M","T","M","M"],"character_chosen":"THE_SILENT","items_purchased":[],"campfire_rested":0,"item_purchase_floors":[],"current_hp_per_floor":[63,63,57,53,36,36,14,14,14,14,14,14,14,11,11,5,55,28,28,10,0],"gold":479,"neow_bonus":"TEN_PERCENT_HP_BONUS","is_prod":false,"is_daily":false,"chose_seed":false,"campfire_upgraded":4,"win_rate":0,"timestamp":1549660339,"path_taken":["M","?","?","M","M","R","E","R","T","M","?","R","?","M","R","BOSS","M","?","M","M"],"build_version":"2019-02-06","purchased_purges":0,"victory":false,"max_hp_per_floor":[72,72,72,72,72,72,72,72,72,72,72,72,72,72,72,72,72,72,72,72,72],"card_choices":[{"not_picked":["Slice","Flying Knee"],"picked":"Skewer","floor":1},{"not_picked":["Outmaneuver","Skewer","Expertise"],"picked":"SKIP","floor":3},{"not_picked":["Acrobatics","Storm of Steel"],"picked":"Crippling Poison","floor":4},{"not_picked":["Slice","PiercingWail"],"picked":"Cloak And Dagger","floor":5},{"not_picked":["Prepared","Sucker Punch"],"picked":"Poisoned Stab","floor":7},{"not_picked":["Endless Agony","All Out Attack","Prepared"],"picked":"SKIP","floor":10},{"not_picked":["Night Terror","Backflip"],"picked":"Dagger Throw","floor":14},{"not_picked":["Bullet Time","Doppelganger"],"picked":"Adrenaline","floor":16},{"not_picked":["Heel Hook","Outmaneuver","Slice"],"picked":"SKIP","floor":18},{"not_picked":["Outmaneuver","Masterful Stab"],"picked":"Predator","floor":20}],"player_experience":4720090,"relics_obtained":[{"floor":7,"key":"Darkstone Periapt"},{"floor":11,"key":"Tiny Chest"},{"floor":13,"key":"Snake Skull"},{"floor":19,"key":"Orichalcum"}],"event_choices":[{"damage_healed":0,"gold_gain":0,"player_choice":"1 cards matched","damage_taken":0,"max_hp_gain":0,"max_hp_loss":0,"event_name":"Match and Keep!","floor":2,"gold_loss":0,"cards_obtained":["PiercingWail"]}],"is_beta":true,"boss_relics":[{"not_picked":["Busted Crown","Calling Bell"],"picked":"Astrolabe"}],"items_purged_floors":[],"is_endless":false,"potions_floor_spawned":[3,7,10,14],"killed_by":"Chosen and Byrds","ascension_level":20}