{"gold_per_floor":[213,0,20,37,54,54,64,99,99,99,114,114,144,158,158,230,230,244,344,344,361,380,380,412,243,243,274,302,314,37,54,54,131,131,144,161,261,261,261,261,261,288,288,116,129,157,157,157,157,157,157,157,157,42,74,74],"floor_reached":57,"playtime":6216,"items_purged":["Strike_R","Strike_R"],"score":2720,"play_id":"6ac535f0-98f1-4466-9c5d-83dd1baa5c2a","local_time":"20190211215622","is_ascension_mode":true,"campfire_choices":[{"data":"Uppercut","floor":6,"key":"SMITH"},{"data":"Metallicize","floor":10,"key":"SMITH"},{"data":"Spot Weakness","floor":12,"key":"SMITH"},{"data":"Pommel Strike","floor":15,"key":"SMITH"},{"data":"1","floor":23,"key":"LIFT"},{"data":"2","floor":29,"key":"LIFT"},{"data":"3","floor":32,"key":"LIFT"},{"data":"Corruption","floor":40,"key":"SMITH"},{"floor":47,"key":"RECALL"},{"data":"Evolve","floor":49,"key":"SMITH"},{"data":"Dark Embrace","floor":53,"key":"SMITH"}],"neow_cost":"NONE","seed_source_timestamp":101736703831217,"circlet_count":0,"master_deck":["AscendersBane","Defend_R","Defend_R","Defend_R","Defend_R","Bash","Sword Boomerang","Anger","Uppercut+1","Spot Weakness+1","Metallicize+1","Power Through","Pommel Strike+1","Immolate","Armaments+1","Brutality+1","Reaper+1","Shockwave","Corruption+1","Inflame","Exhume+1","Evolve+1","True Grit+1","Rage+1","Dark Embrace+1","Disarm+1","Warcry+1","Impervious+1","Feed","Spot Weakness+1","Shrug It Off+1","Sentinel+1","Disarm+1","Disarm+1","Battle Trance+1","Exhume+1","True Grit+1","Dual Wield+1"],"relics":["Burning Blood","Magic Flower","Bottled Lightning","Ancient Tea Set","Astrolabe","Girya","Toxic Egg 2","Nloth\u0027s Gift","Incense Burner","MawBank","Orrery","Ginger","Shuriken","Gremlin Horn","Potion Belt","Centennial Puzzle","Sundial","Bird Faced Urn"],"potions_floor_usage":[11,13,19,22,24,28,55,56,56],"damage_taken":[{"damage":2,"enemies":"Cultist","floor":1,"turns":4},{"damage":7,"enemies":"Jaw Worm","floor":3,"turns":3},{"damage":0,"enemies":"2 Louse","floor":4,"turns":2},{"damage":12,"enemies":"Exordium Thugs","floor":5,"turns":5},{"damage":5,"enemies":"Gremlin Gang","floor":7,"turns":4},{"damage":30,"enemies":"Lagavulin","floor":8,"turns":4},{"damage":16,"enemies":"Exordium Wildlife","floor":11,"turns":4},{"damage":10,"enemies":"Gremlin Nob","floor":13,"turns":4},{"damage":0,"enemies":"3 Louse","floor":14,"turns":3},{"damage":45,"enemies":"Slime Boss","floor":16,"turns":8},{"damage":26,"enemies":"2 Thieves","floor":18,"turns":4},{"damage":32,"enemies":"Colosseum Slavers","floor":19,"turns":6},{"damage":14,"enemies":"Colosseum Nobs","floor":19,"turns":4},{"damage":48,"enemies":"3 Byrds","floor":21,"turns":6},{"damage":31,"enemies":"Snake Plant","floor":22,"turns":4},{"damage":28,"enemies":"Slavers","floor":24,"turns":4},{"damage":70,"enemies":"Book of Stabbing","floor":27,"turns":5},{"damage":18,"enemies":"Cultist and Chosen","floor":28,"turns":8},{"damage":44,"enemies":"Shelled Parasite and Fungi","floor":31,"turns":7},{"damage":8,"enemies":"Automaton","floor":33,"turns":7},{"damage":24,"enemies":"3 Darklings","floor":35,"turns":6},{"damage":24,"enemies":"Orb Walker","floor":36,"turns":3},{"damage":24,"enemies":"Mind Bloom Boss Battle","floor":37,"turns":9},{"damage":12,"enemies":"Giant Head","floor":42,"turns":4},{"damage":24,"enemies":"3 Darklings","floor":45,"turns":3},{"damage":3,"enemies":"Reptomancer","floor":46,"turns":4},{"damage":83,"enemies":"Time Eater","floor":50,"turns":12},{"damage":109,"enemies":"Awakened One","floor":51,"turns":15},{"damage":41,"enemies":"Shield and Spear","floor":55,"turns":11},{"damage":43,"enemies":"The Heart","floor":56,"turns":8}],"seed_played":"-8913654754296341472","potions_obtained":[{"floor":5,"key":"Regen Potion"},{"floor":7,"key":"Ancient Potion"},{"floor":11,"key":"PowerPotion"},{"floor":14,"key":"SteroidPotion"},{"floor":21,"key":"SteroidPotion"},{"floor":24,"key":"Block Potion"},{"floor":31,"key":"Dexterity Potion"},{"floor":33,"key":"Strength Potion"},{"floor":46,"key":"BloodPotion"},{"floor":55,"key":"FearPotion"}],"is_trial":false,"path_per_floor":["M","$","M","M","M","R","M","E","T","R","M","R","E","M","R","B",null,"M","?","?","M","M","R","E","$","T","E","M","R","$","M","R","B",null,"M","M","?","?","?","R","T","E","T","$","M","E","R","$","R","B","B",null,"R","$","E","B",null],"character_chosen":"IRONCLAD","items_purchased":["Anger","Bag of Marbles","Evolve","True Grit+1","Disarm+1","Warcry+1","SteroidPotion","Centennial Puzzle","Energy Potion","True Grit+1"],"campfire_rested":0,"item_purchase_floors":[2,2,25,25,30,30,30,44,54,54],"current_hp_per_floor":[72,72,71,75,69,69,70,46,46,46,58,58,57,66,66,30,64,59,63,63,36,38,38,75,75,75,14,32,32,32,30,30,75,75,78,78,81,81,81,81,81,84,84,84,87,91,91,91,91,91,78,88,88,88,91,91],"gold":74,"neow_bonus":"HUNDRED_GOLD","is_prod":false,"is_daily":false,"chose_seed":false,"campfire_upgraded":7,"win_rate":0,"timestamp":1549950982,"path_taken":["M","$","M","?","M","R","?","E","T","R","M","R","E","M","R","BOSS","M","?","?","M","?","R","E","$","T","E","?","R","$","M","R","BOSS","M","M","?","?","?","R","?","E","T","?","?","E","R","$","R","BOSS","BOSS","R","$","E","BOSS"],"build_version":"2019-02-06","purchased_purges":2,"victory":true,"max_hp_per_floor":[75,75,75,75,75,75,75,75,75,75,75,75,75,75,75,75,75,75,75,75,75,75,75,75,75,75,75,75,75,75,75,75,75,75,78,78,81,81,81,81,81,84,84,84,87,91,91,91,91,91,91,91,91,91,91,91],"card_choices":[{"not_picked":["Wild Strike","Flex"],"picked":"Sword Boomerang","floor":1},{"not_picked":["Headbutt","Rupture"],"picked":"Uppercut","floor":3},{"not_picked":["Warcry","Wild Strike","Clash"],"picked":"SKIP","floor":4},{"not_picked":["Blood for Blood","Body Slam"],"picked":"Headbutt","floor":5},{"not_picked":["Infernal Blade","Dual Wield"],"picked":"Spot Weakness","floor":7},{"not_picked":["Wild Strike","Armaments"],"picked":"Metallicize","floor":8},{"not_picked":["Havoc","Spot Weakness"],"picked":"Power Through","floor":11},{"not_picked":["Body Slam","Perfected Strike"],"picked":"Pommel Strike","floor":13},{"not_picked":["Clothesline","Wild Strike","Twin Strike"],"picked":"SKIP","floor":14},{"not_picked":["Brutality","Fiend Fire"],"picked":"Immolate","floor":16},{"not_picked":["Wild Strike","Dual Wield"],"picked":"Shockwave","floor":18},{"not_picked":["Uppercut","Rampage"],"picked":"Corruption","floor":19},{"not_picked":["Body Slam","Thunderclap"],"picked":"Inflame","floor":21},{"not_picked":["Clothesline","Clash"],"picked":"Exhume+1","floor":22},{"not_picked":["Clothesline","Anger","Juggernaut"],"picked":"SKIP","floor":24},{"not_picked":["Heavy Blade","Armaments+1"],"picked":"Rage+1","floor":27},{"not_picked":["Intimidate+1","Twin Strike"],"picked":"Dark Embrace","floor":28},{"not_picked":["Thunderclap","Wild Strike+1"],"picked":"Impervious+1","floor":31},{"not_picked":["Double Tap+1","Demon Form"],"picked":"Feed","floor":33},{"not_picked":["Pommel Strike","Body Slam"],"picked":"Spot Weakness+1","floor":34},{"not_picked":["Body Slam","Infernal Blade+1"],"picked":"Shrug It Off+1","floor":34},{"not_picked":["Uppercut","Second Wind+1"],"picked":"Sentinel+1","floor":34},{"not_picked":["Blood for Blood","Thunderclap","Twin Strike+1"],"picked":"SKIP","floor":35},{"not_picked":["Sentinel+1","Intimidate+1"],"picked":"Disarm+1","floor":36},{"not_picked":["Anger","Infernal Blade+1"],"picked":"Disarm+1","floor":37},{"not_picked":["Thunderclap","Barricade"],"picked":"Battle Trance+1","floor":42},{"not_picked":["Havoc+1","Evolve"],"picked":"Exhume+1","floor":45},{"not_picked":["Flex+1","Twin Strike","Thunderclap"],"picked":"SKIP","floor":46},{"not_picked":["Cleave","Brutality"],"picked":"Dual Wield+1","floor":55}],"player_experience":4758689,"relics_obtained":[{"floor":8,"key":"Magic Flower"},{"floor":9,"key":"Bottled Lightning"},{"floor":13,"key":"Ancient Tea Set"},{"floor":19,"key":"Girya"},{"floor":19,"key":"Toxic Egg 2"},{"floor":24,"key":"Incense Burner"},{"floor":27,"key":"MawBank"},{"floor":37,"key":"Ginger"},{"floor":41,"key":"Shuriken"},{"floor":42,"key":"Gremlin Horn"},{"floor":43,"key":"Potion Belt"},{"floor":46,"key":"Sundial"},{"floor":55,"key":"Bird Faced Urn"}],"event_choices":[{"damage_healed":0,"gold_gain":0,"player_choice":"Fight","damage_taken":0,"max_hp_gain":0,"max_hp_loss":0,"event_name":"Colosseum","floor":19,"gold_loss":0},{"damage_healed":0,"gold_gain":0,"player_choice":"Fought Nobs","damage_taken":0,"max_hp_gain":0,"max_hp_loss":0,"event_name":"Colosseum","floor":19,"gold_loss":0},{"damage_healed":0,"gold_gain":0,"player_choice":"Traded Relic","damage_taken":0,"relics_obtained":["Nloth\u0027s Gift"],"max_hp_gain":0,"max_hp_loss":0,"event_name":"N\u0027loth","floor":20,"relics_lost":["Bag of Marbles"],"gold_loss":0},{"damage_healed":0,"gold_gain":0,"player_choice":"Fight","damage_taken":0,"max_hp_gain":0,"max_hp_loss":0,"event_name":"MindBloom","floor":37,"gold_loss":0},{"damage_healed":0,"gold_gain":0,"player_choice":"Ignored","damage_taken":0,"max_hp_gain":0,"max_hp_loss":0,"event_name":"Tomb of Lord Red Mask","floor":38,"gold_loss":0},{"cards_removed":["Headbutt"],"damage_healed":0,"gold_gain":0,"player_choice":"Removed Attack","damage_taken":0,"max_hp_gain":0,"max_hp_loss":0,"event_name":"Falling","floor":39,"gold_loss":0}],"is_beta":true,"boss_relics":[{"not_picked":["Empty Cage","Black Star"],"picked":"Astrolabe"},{"not_picked":["Mark of Pain","White Beast Statue"],"picked":"Orrery"}],"items_purged_floors":[25,30],"is_endless":false,"potions_floor_spawned":[5,7,11,14,21,24,31,33,46,55],"ascension_level":20}