{"gold_per_floor":[118,118,132,132,151,151,176,189,212,239,239,272,284,295,295,371,371,385,343,370,370,14,41,41,69,69,69,102,115,115,128,128,205,205,223,173,189,189,200,233,233,258,258,258,358,287,301,334,334,334,334,334,334,4,36,36],"floor_reached":56,"playtime":4815,"items_purged":["Strike_R+1"],"score":2222,"play_id":"8f0529ae-042f-4384-8325-a79ff92d8955","local_time":"20190201131506","is_ascension_mode":true,"campfire_choices":[{"data":"Inflame","floor":6,"key":"SMITH"},{"floor":11,"key":"REST"},{"data":"Sword Boomerang","floor":15,"key":"SMITH"},{"floor":24,"key":"REST"},{"floor":27,"key":"REST"},{"floor":30,"key":"RECALL"},{"floor":32,"key":"REST"},{"floor":41,"key":"REST"},{"floor":44,"key":"REST"},{"floor":49,"key":"REST"},{"floor":53,"key":"REST"}],"neow_cost":"NONE","seed_source_timestamp":266756726918004,"circlet_count":0,"master_deck":["AscendersBane","Strike_R+1","Strike_R+1","Strike_R+1","Defend_R+1","Defend_R+1","Defend_R+1","Defend_R+1","Bash+1","Shockwave","Inflame+1","Uppercut","Headbutt","Flame Barrier","Sword Boomerang+1","Shrug It Off","Offering","Burning Pact","Corruption+1","Havoc+1","Armaments","Limit Break","Offering+1","Spot Weakness","Disarm","Anger+1","Sword Boomerang+1","Metallicize","Evolve","Pommel Strike+1","Offering"],"relics":["Burning Blood","Bag of Preparation","Ancient Tea Set","Red Skull","Thread and Needle","Fusion Hammer","Red Mask","Shuriken","Letter Opener","Boot","Meat on the Bone","Mercury Hourglass","Orrery","Molten Egg 2","Charon\u0027s Ashes","FossilizedHelix","Self Forming Clay","Unceasing Top","Dead Branch","Pantograph"],"potions_floor_usage":[8,10,20,51,56],"damage_taken":[{"damage":12,"enemies":"Jaw Worm","floor":1,"turns":3},{"damage":5,"enemies":"Small Slimes","floor":3,"turns":3},{"damage":1,"enemies":"Cultist","floor":5,"turns":4},{"damage":20,"enemies":"Lagavulin","floor":7,"turns":7},{"damage":19,"enemies":"Large Slime","floor":8,"turns":5},{"damage":27,"enemies":"3 Sentries","floor":10,"turns":8},{"damage":15,"enemies":"Lagavulin","floor":12,"turns":7},{"damage":0,"enemies":"Blue Slaver","floor":13,"turns":3},{"damage":1,"enemies":"Red Slaver","floor":14,"turns":5},{"damage":16,"enemies":"Slime Boss","floor":16,"turns":6},{"damage":13,"enemies":"2 Thieves","floor":18,"turns":4},{"damage":7,"enemies":"Masked Bandits","floor":20,"turns":3},{"damage":38,"enemies":"Gremlin Leader","floor":23,"turns":5},{"damage":6,"enemies":"Slavers","floor":25,"turns":4},{"damage":6,"enemies":"Book of Stabbing","floor":28,"turns":3},{"damage":6,"enemies":"3 Byrds","floor":29,"turns":3},{"damage":6,"enemies":"3 Cultists","floor":31,"turns":3},{"damage":25,"enemies":"Champ","floor":33,"turns":11},{"damage":0,"enemies":"3 Shapes","floor":35,"turns":5},{"damage":6,"enemies":"Orb Walker","floor":37,"turns":2},{"damage":12,"enemies":"Sphere and 2 Shapes","floor":39,"turns":1},{"damage":13,"enemies":"Giant Head","floor":40,"turns":3},{"damage":12,"enemies":"Nemesis","floor":42,"turns":4},{"damage":7,"enemies":"Mind Bloom Boss Battle","floor":45,"turns":6},{"damage":15,"enemies":"Spire Growth","floor":47,"turns":4},{"damage":22,"enemies":"Giant Head","floor":48,"turns":5},{"damage":14,"enemies":"Donu and Deca","floor":50,"turns":5},{"damage":62,"enemies":"Time Eater","floor":51,"turns":8},{"damage":12,"enemies":"Shield and Spear","floor":55,"turns":2},{"damage":80,"enemies":"The Heart","floor":56,"turns":3}],"seed_played":"-3258813294483241504","potions_obtained":[{"floor":4,"key":"Strength Potion"},{"floor":4,"key":"SpeedPotion"},{"floor":5,"key":"Weak Potion"},{"floor":10,"key":"SkillPotion"},{"floor":13,"key":"SmokeBomb"},{"floor":14,"key":"FearPotion"},{"floor":18,"key":"Fire Potion"},{"floor":25,"key":"Weak Potion"},{"floor":35,"key":"Strength Potion"},{"floor":55,"key":"PowerPotion"}],"is_trial":false,"path_per_floor":["M","?","M","?","M","R","E","M","T","E","R","E","M","M","R","B",null,"M","$","?","?","$","E","R","E","T","R","E","M","R","M","R","B",null,"M","?","M","$","M","E","R","E","T","R","?","?","M","E","R","B","B",null,"R","$","E","B"],"character_chosen":"IRONCLAD","items_purchased":["Burning Pact","Shuriken","Dead Branch"],"campfire_rested":8,"item_purchase_floors":[19,22,54],"current_hp_per_floor":[62,62,63,63,68,68,54,41,41,20,42,33,39,44,44,34,65,58,58,57,57,57,25,47,47,47,69,69,69,69,69,75,56,70,75,75,75,75,69,62,75,69,69,75,74,74,65,49,71,63,19,61,75,75,69,0],"gold":36,"neow_bonus":"UPGRADE_CARD","is_prod":false,"is_daily":false,"chose_seed":false,"campfire_upgraded":2,"win_rate":0,"timestamp":1549055706,"path_taken":["M","?","M","?","?","R","E","M","T","E","R","E","M","M","R","BOSS","M","$","?","?","$","E","R","E","T","R","E","M","R","M","R","BOSS","M","?","?","?","M","E","R","E","T","R","?","?","M","E","R","BOSS","BOSS","R","$","E","BOSS"],"build_version":"2019-01-23","purchased_purges":1,"victory":false,"max_hp_per_floor":[75,75,75,75,75,75,75,75,75,75,75,75,75,75,75,75,75,75,75,75,75,75,75,75,75,75,75,75,75,75,75,75,75,75,75,75,75,75,75,75,75,75,75,75,75,75,75,75,75,75,75,75,75,75,75,75],"card_choices":[{"not_picked":["Heavy Blade","Body Slam"],"picked":"Shockwave","floor":1},{"not_picked":["Sword Boomerang","Perfected Strike"],"picked":"Inflame","floor":3},{"not_picked":["Heavy Blade","Warcry"],"picked":"Uppercut","floor":5},{"not_picked":["Wild Strike","Body Slam","Perfected Strike"],"picked":"SKIP","floor":7},{"not_picked":["Warcry","Pommel Strike"],"picked":"Headbutt","floor":8},{"not_picked":["Seeing Red","Twin Strike"],"picked":"Flame Barrier","floor":10},{"not_picked":["Seeing Red","Perfected Strike","Berserk"],"picked":"SKIP","floor":12},{"not_picked":["Heavy Blade","Dual Wield"],"picked":"Sword Boomerang","floor":13},{"not_picked":["Clothesline","Burning Pact"],"picked":"Shrug It Off","floor":14},{"not_picked":["Feed","Fiend Fire"],"picked":"Offering","floor":16},{"not_picked":["Pommel Strike","Sentinel","Clothesline"],"picked":"SKIP","floor":18},{"not_picked":["Burning Pact","Heavy Blade"],"picked":"Corruption","floor":20},{"not_picked":["Sentinel+1","Searing Blow","Armaments"],"picked":"SKIP","floor":23},{"not_picked":["Flex","Iron Wave"],"picked":"Havoc+1","floor":25},{"not_picked":["Second Wind","Thunderclap"],"picked":"Armaments","floor":28},{"not_picked":["Anger+1","Searing Blow"],"picked":"Limit Break","floor":29},{"not_picked":["Thunderclap","Heavy Blade","Carnage+1"],"picked":"SKIP","floor":31},{"not_picked":["Feed","Bludgeon"],"picked":"Offering","floor":33},{"not_picked":["Havoc","Body Slam"],"picked":"Spot Weakness","floor":34},{"not_picked":["Havoc","Armaments"],"picked":"Disarm","floor":34},{"not_picked":["Headbutt","Second Wind"],"picked":"Anger+1","floor":34},{"not_picked":["Wild Strike+1","Fire Breathing+1"],"picked":"Sword Boomerang+1","floor":35},{"not_picked":["True Grit","Twin Strike"],"picked":"Metallicize","floor":37},{"not_picked":["Clash","Perfected Strike","Infernal Blade+1"],"picked":"SKIP","floor":39},{"not_picked":["Perfected Strike+1","Feed"],"picked":"Evolve","floor":40},{"not_picked":["Body Slam+1","Fire Breathing","Flex"],"picked":"SKIP","floor":42},{"not_picked":["Rage","Clash+1"],"picked":"Pommel Strike+1","floor":45},{"not_picked":["Headbutt+1","Anger+1","Flex"],"picked":"SKIP","floor":47},{"not_picked":["Anger+1","Perfected Strike+1","Body Slam+1"],"picked":"SKIP","floor":48},{"not_picked":["Power Through+1","Heavy Blade+1"],"picked":"Offering","floor":55}],"player_experience":4623328,"relics_obtained":[{"floor":7,"key":"Bag of Preparation"},{"floor":9,"key":"Ancient Tea Set"},{"floor":10,"key":"Red Skull"},{"floor":12,"key":"Thread and Needle"},{"floor":20,"key":"Red Mask"},{"floor":23,"key":"Letter Opener"},{"floor":25,"key":"Boot"},{"floor":26,"key":"Meat on the Bone"},{"floor":28,"key":"Mercury Hourglass"},{"floor":40,"key":"Molten Egg 2"},{"floor":42,"key":"Charon\u0027s Ashes"},{"floor":45,"key":"FossilizedHelix"},{"floor":48,"key":"Unceasing Top"},{"floor":55,"key":"Pantograph"}],"event_choices":[{"cards_removed":["Strike_R"],"damage_healed":0,"gold_gain":0,"player_choice":"Forget","damage_taken":0,"max_hp_gain":0,"max_hp_loss":0,"event_name":"Living Wall","floor":2,"gold_loss":0},{"damage_healed":0,"gold_gain":0,"player_choice":"Got Potions","damage_taken":0,"max_hp_gain":0,"max_hp_loss":0,"event_name":"Lab","floor":4,"gold_loss":0},{"damage_healed":0,"gold_gain":0,"player_choice":"Fought Bandits","damage_taken":0,"max_hp_gain":0,"max_hp_loss":0,"event_name":"Masked Bandits","floor":20,"gold_loss":0},{"damage_healed":0,"gold_gain":0,"player_choice":"Simplicity","damage_taken":0,"max_hp_gain":0,"max_hp_loss":0,"event_name":"Back to Basics","floor":21,"gold_loss":0,"cards_upgraded":["Strike_R","Strike_R","Strike_R","Strike_R","Defend_R","Defend_R","Defend_R","Defend_R"]},{"damage_healed":0,"gold_gain":0,"player_choice":"Upgraded Two","damage_taken":0,"max_hp_gain":0,"max_hp_loss":0,"event_name":"Designer","floor":36,"gold_loss":50,"cards_upgraded":["Corruption","Offering"]},{"damage_healed":0,"gold_gain":0,"player_choice":"Fight","damage_taken":0,"max_hp_gain":0,"max_hp_loss":0,"event_name":"MindBloom","floor":45,"gold_loss":0},{"damage_healed":0,"gold_gain":0,"player_choice":"Paid Gold","damage_taken":0,"relics_obtained":["Self Forming Clay"],"max_hp_gain":0,"max_hp_loss":0,"event_name":"WeMeetAgain","floor":46,"gold_loss":71}],"is_beta":true,"boss_relics":[{"not_picked":["Eternal Feather","Busted Crown"],"picked":"Fusion Hammer"},{"not_picked":["Cursed Key","Velvet Choker"],"picked":"Orrery"}],"items_purged_floors":[22],"is_endless":false,"potions_floor_spawned":[5,10,13,14,18,25,28,31,35,42,47,55],"killed_by":"The Heart","ascension_level":20}