{"gold_per_floor":[210,360,372,372,18,18,34,69,69,69,103,103,138,152,152,152],"floor_reached":16,"playtime":971,"items_purged":["Doubt"],"score":236,"play_id":"72508318-f1ef-4214-b8bd-d32e30329f7f","local_time":"20190214103012","is_ascension_mode":true,"campfire_choices":[{"data":"Predator","floor":6,"key":"SMITH"},{"floor":12,"key":"REST"},{"floor":15,"key":"REST"}],"neow_cost":"NONE","seed_source_timestamp":659670027743,"circlet_count":0,"master_deck":["AscendersBane","Defend_G+1","Defend_G+1","Defend_G","Defend_G","Defend_G","Strike_G","Strike_G","Strike_G","Strike_G","Strike_G","Survivor","Neutralize","Cloak And Dagger","Predator+1","Noxious Fumes","Backflip","PiercingWail","Footwork","After Image","Blade Dance","Quick Slash"],"relics":["Ring of the Snake","Golden Idol","War Paint","Shuriken","Blue Candle","Smiling Mask"],"potions_floor_usage":[8,11,16],"damage_taken":[{"damage":1,"enemies":"2 Louse","floor":1,"turns":4},{"damage":1,"enemies":"Small Slimes","floor":3,"turns":6},{"damage":0,"enemies":"Jaw Worm","floor":7,"turns":5},{"damage":15,"enemies":"3 Sentries","floor":8,"turns":10},{"damage":37,"enemies":"Gremlin Nob","floor":11,"turns":5},{"damage":14,"enemies":"3 Sentries","floor":13,"turns":9},{"damage":6,"enemies":"3 Louse","floor":14,"turns":4},{"damage":22,"enemies":"Slime Boss","floor":16,"turns":3}],"seed_played":"8261791314960700203","potions_obtained":[{"floor":3,"key":"Block Potion"},{"floor":7,"key":"SteroidPotion"},{"floor":8,"key":"Weak Potion"},{"floor":14,"key":"SpeedPotion"}],"is_trial":false,"path_per_floor":["M","?","M","?","$","R","M","E","T","$","E","R","E","M","R","B"],"character_chosen":"THE_SILENT","items_purchased":["Noxious Fumes","Backflip","War Paint"],"campfire_rested":2,"item_purchase_floors":[5,5,5],"current_hp_per_floor":[58,58,57,57,57,57,57,42,42,42,5,23,9,3,21,0],"gold":152,"neow_bonus":"HUNDRED_GOLD","is_prod":false,"is_daily":false,"chose_seed":false,"campfire_upgraded":1,"win_rate":0,"timestamp":1550169012,"path_taken":["M","?","M","?","$","R","M","E","T","?","E","R","E","M","R","BOSS"],"build_version":"2019-02-06","purchased_purges":1,"victory":false,"max_hp_per_floor":[66,66,66,60,60,60,60,60,60,60,60,60,60,60,60,60],"card_choices":[{"not_picked":["Underhanded Strike","Dodge and Roll"],"picked":"Cloak And Dagger","floor":1},{"not_picked":["Underhanded Strike","Bane"],"picked":"Predator","floor":3},{"not_picked":["Deflect","Infinite Blades"],"picked":"PiercingWail","floor":7},{"not_picked":["Sucker Punch","Setup"],"picked":"Footwork","floor":8},{"not_picked":["Endless Agony","Blade Dance"],"picked":"After Image","floor":11},{"not_picked":["Catalyst","Expertise"],"picked":"Blade Dance","floor":13},{"not_picked":["Bouncing Flask","Underhanded Strike"],"picked":"Quick Slash","floor":14}],"player_experience":4807045,"relics_obtained":[{"floor":8,"key":"Shuriken"},{"floor":11,"key":"Blue Candle"},{"floor":13,"key":"Smiling Mask"}],"event_choices":[{"damage_healed":0,"gold_gain":150,"player_choice":"AGREE","damage_taken":0,"max_hp_gain":0,"max_hp_loss":0,"event_name":"Liars Game","floor":2,"gold_loss":0,"cards_obtained":["Doubt"]},{"damage_healed":0,"gold_gain":0,"player_choice":"Lose Max HP","damage_taken":0,"relics_obtained":["Golden Idol"],"max_hp_gain":0,"max_hp_loss":6,"event_name":"Golden Idol","floor":4,"gold_loss":0}],"is_beta":true,"boss_relics":[],"items_purged_floors":[5],"is_endless":false,"potions_floor_spawned":[3,7,8,14],"killed_by":"Slime Boss","ascension_level":20}