{"gold_per_floor":[110,9,21,31,31,31,31,64,64,89,14,14,42,58,58,137,137,137,62,62,62,62,62,62,62,62,62],"floor_reached":27,"playtime":1620,"items_purged":[],"score":548,"play_id":"1970b434-d044-4d3d-82bb-60ce32a552a8","local_time":"20190216125140","is_ascension_mode":true,"campfire_choices":[{"data":"Bash","floor":6,"key":"SMITH"},{"data":"Clothesline","floor":12,"key":"SMITH"},{"floor":15,"key":"REST"},{"floor":23,"key":"REST"}],"neow_cost":"NONE","seed_source_timestamp":107089922801150,"circlet_count":0,"master_deck":["AscendersBane","Strike_R","Strike_R","Strike_R","Defend_R","Defend_R","Defend_R+1","Defend_R","Bash+1","Twin Strike","Armaments","Inflame+1","Headbutt","Clothesline+1","True Grit+1","Inflame","Metallicize","Immolate","Warcry+1","True Grit+1","Feel No Pain","Spot Weakness+1"],"relics":["Burning Blood","Boot","Matryoshka","Toxic Egg 2","Mango","Ectoplasm","Enchiridion","Potion Belt","MutagenicStrength","Dream Catcher","StoneCalendar"],"potions_floor_usage":[10,13,16,24],"damage_taken":[{"damage":1,"enemies":"Small Slimes","floor":1,"turns":3},{"damage":1,"enemies":"2 Louse","floor":3,"turns":3},{"damage":7,"enemies":"Jaw Worm","floor":4,"turns":4},{"damage":22,"enemies":"Gremlin Nob","floor":8,"turns":4},{"damage":0,"enemies":"Lagavulin","floor":10,"turns":7},{"damage":28,"enemies":"3 Sentries","floor":13,"turns":11},{"damage":14,"enemies":"3 Louse","floor":14,"turns":6},{"damage":19,"enemies":"The Guardian","floor":16,"turns":13},{"damage":27,"enemies":"Shell Parasite","floor":18,"turns":4},{"damage":0,"enemies":"3 Byrds","floor":21,"turns":4},{"damage":12,"enemies":"Centurion and Healer","floor":22,"turns":6},{"damage":48,"enemies":"Gremlin Leader","floor":24,"turns":6},{"damage":33,"enemies":"Book of Stabbing","floor":27,"turns":4}],"seed_played":"1252310481752727562","potions_obtained":[{"floor":3,"key":"Dexterity Potion"},{"floor":14,"key":"GamblersBrew"},{"floor":18,"key":"Ancient Potion"},{"floor":22,"key":"Regen Potion"}],"is_trial":false,"path_per_floor":["M","$","M","M","?","R","?","E","T","E","?","R","E","M","R","B",null,"M","?","?","M","M","R","E","?","T","E"],"character_chosen":"IRONCLAD","items_purchased":["Inflame","PowerPotion"],"campfire_rested":2,"item_purchase_floors":[2,2],"current_hp_per_floor":[73,73,75,74,74,74,51,35,35,41,41,41,33,25,51,38,76,55,55,34,40,34,60,33,33,33,0],"gold":62,"neow_bonus":"THREE_CARDS","is_prod":false,"is_daily":false,"chose_seed":false,"campfire_upgraded":2,"win_rate":0,"timestamp":1550350300,"path_taken":["M","$","M","M","?","R","?","E","T","E","?","R","E","M","R","BOSS","M","?","?","M","M","R","E","?","T","E"],"build_version":"2019-02-06","purchased_purges":0,"victory":false,"max_hp_per_floor":[75,75,75,75,75,75,75,75,75,75,75,75,89,89,89,89,89,89,89,89,89,89,89,89,89,89,89],"card_choices":[{"not_picked":["Pummel","Iron Wave"],"picked":"Twin Strike","floor":0},{"not_picked":["Thunderclap","Iron Wave"],"picked":"Armaments","floor":1},{"not_picked":["Warcry","Havoc"],"picked":"Headbutt","floor":3},{"not_picked":["True Grit","Blood for Blood"],"picked":"Clothesline","floor":4},{"not_picked":["Sever Soul","Flex","Havoc"],"picked":"SKIP","floor":8},{"not_picked":["Demon Form","Armaments"],"picked":"True Grit","floor":10},{"not_picked":["Havoc+1","Second Wind+1"],"picked":"Inflame","floor":13},{"not_picked":["Perfected Strike","Anger"],"picked":"Metallicize","floor":14},{"not_picked":["Impervious+1","Double Tap+1"],"picked":"Immolate","floor":16},{"not_picked":["Twin Strike+1","Dropkick"],"picked":"Warcry+1","floor":18},{"not_picked":["Heavy Blade","Wild Strike+1"],"picked":"True Grit+1","floor":21},{"not_picked":["Hemokinesis+1","Anger"],"picked":"Feel No Pain","floor":22},{"not_picked":["Body Slam","Whirlwind"],"picked":"Spot Weakness+1","floor":24}],"player_experience":4846839,"relics_obtained":[{"floor":8,"key":"Boot"},{"floor":9,"key":"Matryoshka"},{"floor":10,"key":"Toxic Egg 2"},{"floor":13,"key":"Mango"},{"floor":20,"key":"Enchiridion"},{"floor":24,"key":"Potion Belt"},{"floor":26,"key":"Dream Catcher"},{"floor":26,"key":"StoneCalendar"}],"event_choices":[{"damage_healed":0,"gold_gain":0,"player_choice":"Ignored","damage_taken":0,"max_hp_gain":0,"max_hp_loss":0,"event_name":"Liars Game","floor":5,"gold_loss":0},{"damage_healed":0,"gold_gain":0,"player_choice":"Entered Light","damage_taken":23,"max_hp_gain":0,"max_hp_loss":0,"event_name":"Shining Light","floor":7,"gold_loss":0,"cards_upgraded":["Inflame","Defend_R"]},{"cards_removed":["Strike_R"],"damage_healed":0,"gold_gain":0,"player_choice":"Card Removal","damage_taken":0,"max_hp_gain":0,"max_hp_loss":0,"event_name":"The Cleric","floor":11,"gold_loss":75},{"cards_removed":["Strike_R"],"damage_healed":0,"gold_gain":0,"player_choice":"Gave Gold","damage_taken":0,"max_hp_gain":0,"max_hp_loss":0,"event_name":"Beggar","floor":19,"gold_loss":75},{"damage_healed":0,"gold_gain":0,"player_choice":"Obtained Book","damage_taken":21,"max_hp_gain":0,"max_hp_loss":0,"event_name":"Cursed Tome","floor":20,"gold_loss":0},{"damage_healed":0,"gold_gain":0,"player_choice":"Inject Mutagens","damage_taken":0,"relics_obtained":["MutagenicStrength"],"max_hp_gain":0,"max_hp_loss":0,"event_name":"Drug Dealer","floor":25,"gold_loss":0}],"is_beta":true,"boss_relics":[{"not_picked":["White Beast Statue","Astrolabe"],"picked":"Ectoplasm"}],"items_purged_floors":[],"is_endless":false,"potions_floor_spawned":[3,14,18,22],"killed_by":"Book of Stabbing","ascension_level":20}