{"gold_per_floor":[366,366,31,68,106,106,27,53,83,83,95,126,126,181,181,258,258,292,139,139,214,214,265,265,265,265,310,381,381,441,500,500,598,598,667,13,53,103,190,190,245,245,245,261,615,218,218,257,257,307,332,332,332,42,68,93],"floor_reached":57,"playtime":4359,"items_purged":["Strike_R","Injury","Writhe","Strike_R","Strike_R"],"score":2691,"play_id":"db3ce7b2-f658-48f5-9a5f-dc985613d95d","local_time":"20190212170627","is_ascension_mode":true,"campfire_choices":[{"data":"Bash","floor":6,"key":"SMITH"},{"floor":13,"key":"REST"},{"data":"Inflame","floor":15,"key":"SMITH"},{"data":"HandOfGreed","floor":24,"key":"SMITH"},{"data":"Feel No Pain","floor":29,"key":"SMITH"},{"data":"Demon Form","floor":32,"key":"SMITH"},{"data":"Spot Weakness","floor":40,"key":"SMITH"},{"floor":42,"key":"RECALL"},{"data":"True Grit","floor":47,"key":"SMITH"},{"data":"Disarm","floor":49,"key":"SMITH"},{"data":"Shockwave","floor":53,"key":"SMITH"}],"neow_cost":"PERCENT_DAMAGE","seed_source_timestamp":172598034035267,"circlet_count":0,"master_deck":["AscendersBane","Strike_R","Defend_R","Defend_R","Defend_R","Defend_R","Bash+1","Twin Strike","HandOfGreed+1","Infernal Blade","Anger","Inflame+1","Impervious","Corruption","Shrug It Off","Reaper","Impervious","Shrug It Off","Feel No Pain+1","Shockwave+1","Spot Weakness+1","Demon Form+1","Impervious","Burning Pact+1","Spot Weakness","Fiend Fire","Headbutt+1","True Grit+1","Disarm+1","Exhume","Pummel","Shrug It Off","Dark Shackles","Dual Wield"],"relics":["Burning Blood","Gremlin Horn","Tiny Chest","Blood Vial","Runic Pyramid","Du-Vu Doll","Bird Faced Urn","Question Card","Orichalcum","Self Forming Clay","Pantograph","Velvet Choker","Ornamental Fan","Bottled Lightning","Pocketwatch","Art of War","Old Coin","Pen Nib","Shuriken"],"potions_floor_usage":[8,8,18,23,23,56,56],"damage_taken":[{"damage":24,"enemies":"Jaw Worm","floor":1,"turns":5},{"damage":0,"enemies":"Cultist","floor":4,"turns":2},{"damage":12,"enemies":"Small Slimes","floor":5,"turns":6},{"damage":18,"enemies":"Lagavulin","floor":8,"turns":5},{"damage":9,"enemies":"Red Slaver","floor":11,"turns":3},{"damage":0,"enemies":"Exordium Wildlife","floor":12,"turns":2},{"damage":8,"enemies":"Gremlin Nob","floor":14,"turns":4},{"damage":18,"enemies":"Slime Boss","floor":16,"turns":10},{"damage":4,"enemies":"Shell Parasite","floor":18,"turns":5},{"damage":16,"enemies":"3 Byrds","floor":21,"turns":8},{"damage":22,"enemies":"Book of Stabbing","floor":23,"turns":5},{"damage":0,"enemies":"Snecko","floor":27,"turns":5},{"damage":9,"enemies":"Centurion and Healer","floor":30,"turns":9},{"damage":4,"enemies":"Gremlin Leader","floor":31,"turns":6},{"damage":38,"enemies":"Champ","floor":33,"turns":9},{"damage":0,"enemies":"3 Shapes","floor":35,"turns":8},{"damage":7,"enemies":"Orb Walker","floor":37,"turns":3},{"damage":19,"enemies":"Jaw Worm Horde","floor":39,"turns":8},{"damage":38,"enemies":"Reptomancer","floor":41,"turns":9},{"damage":1,"enemies":"Transient","floor":44,"turns":6},{"damage":15,"enemies":"Nemesis","floor":45,"turns":7},{"damage":4,"enemies":"3 Darklings","floor":48,"turns":8},{"damage":59,"enemies":"Donu and Deca","floor":50,"turns":10},{"damage":26,"enemies":"Time Eater","floor":51,"turns":7},{"damage":6,"enemies":"Shield and Spear","floor":55,"turns":5},{"damage":69,"enemies":"The Heart","floor":56,"turns":11}],"seed_played":"-6868575061827128323","potions_obtained":[{"floor":14,"key":"Ancient Potion"},{"floor":16,"key":"PowerPotion"},{"floor":23,"key":"LiquidBronze"},{"floor":30,"key":"LiquidBronze"}],"is_trial":false,"path_per_floor":["M","?","$","M","M","R","$","E","T","?","M","M","R","E","R","B",null,"M","$","T","M","T","E","R","?","T","M","T","R","M","E","R","B",null,"M","$","M","?","M","R","E","R","T","M","E","$","R","M","R","B","B",null,"R","$","E","B",null],"character_chosen":"IRONCLAD","items_purchased":["HandOfGreed","Poison Potion","EssenceOfSteel","Strength Potion","Ornamental Fan","Bottled Lightning","Exhume","Pen Nib","Shrug It Off","Dark Shackles"],"campfire_rested":1,"item_purchase_floors":[3,3,7,19,36,36,46,46,54,54],"current_hp_per_floor":[32,32,32,38,32,32,32,20,20,20,17,23,45,43,43,54,70,75,75,75,75,75,73,73,73,73,75,75,75,75,75,75,75,75,75,75,75,68,75,75,75,75,75,75,75,75,75,75,75,75,75,75,75,75,75,75],"gold":93,"neow_bonus":"TWO_FIFTY_GOLD","is_prod":false,"is_daily":false,"chose_seed":false,"campfire_upgraded":9,"win_rate":0,"timestamp":1550019987,"path_taken":["M","?","$","?","M","R","$","E","T","?","M","?","R","E","R","BOSS","M","$","?","M","?","E","R","?","T","M","?","R","?","E","R","BOSS","M","$","M","?","M","R","E","R","T","M","E","$","R","M","R","BOSS","BOSS","R","$","E","BOSS"],"build_version":"2019-02-06","purchased_purges":5,"victory":true,"max_hp_per_floor":[75,75,75,75,75,75,75,75,75,75,75,75,75,75,75,75,75,75,75,75,75,75,75,75,75,75,75,75,75,75,75,75,75,75,75,75,75,75,75,75,75,75,75,75,75,75,75,75,75,75,75,75,75,75,75,75],"card_choices":[{"not_picked":["Headbutt","Evolve"],"picked":"Twin Strike","floor":1},{"not_picked":["Havoc","Clash"],"picked":"Infernal Blade","floor":4},{"not_picked":["Blood for Blood","True Grit"],"picked":"Anger","floor":5},{"not_picked":["Heavy Blade","Seeing Red"],"picked":"Inflame","floor":8},{"not_picked":["True Grit","Rupture"],"picked":"Corruption","floor":11},{"not_picked":["Corruption","Flex"],"picked":"Shrug It Off","floor":12},{"not_picked":["Pommel Strike","Metallicize"],"picked":"Reaper","floor":14},{"not_picked":["Brutality","Bludgeon"],"picked":"Impervious","floor":16},{"not_picked":["Anger+1","Perfected Strike","Searing Blow"],"picked":"SKIP","floor":18},{"not_picked":["Rampage","Bloodletting"],"picked":"Shrug It Off","floor":21},{"not_picked":["Heavy Blade","Warcry"],"picked":"Feel No Pain","floor":23},{"not_picked":["Sword Boomerang","Fire Breathing","Infernal Blade"],"picked":"Shockwave","floor":27},{"not_picked":["Corruption","Inflame","Sever Soul"],"picked":"Spot Weakness","floor":30},{"not_picked":["Evolve","Clash","Armaments"],"picked":"Demon Form","floor":31},{"not_picked":["Demon Form","Berserk","Bludgeon"],"picked":"Impervious","floor":33},{"not_picked":["Heavy Blade","Battle Trance","Pommel Strike"],"picked":"Burning Pact+1","floor":35},{"not_picked":["Perfected Strike+1","Armaments","Twin Strike+1"],"picked":"Spot Weakness","floor":37},{"not_picked":["Cleave","Second Wind","Searing Blow"],"picked":"Fiend Fire","floor":39},{"not_picked":["Heavy Blade","Evolve+1","Dropkick"],"picked":"Headbutt+1","floor":41},{"not_picked":["Clash","Sword Boomerang","Anger"],"picked":"True Grit","floor":44},{"not_picked":["Clash+1","Feed","Body Slam"],"picked":"Disarm","floor":45},{"not_picked":["Pommel Strike","Perfected Strike","Body Slam"],"picked":"Pummel","floor":48},{"not_picked":["Hemokinesis","Cleave","Warcry+1"],"picked":"Dual Wield","floor":55}],"player_experience":4785323,"relics_obtained":[{"floor":8,"key":"Gremlin Horn"},{"floor":9,"key":"Tiny Chest"},{"floor":14,"key":"Blood Vial"},{"floor":20,"key":"Du-Vu Doll"},{"floor":22,"key":"Bird Faced Urn"},{"floor":23,"key":"Question Card"},{"floor":28,"key":"Self Forming Clay"},{"floor":31,"key":"Pantograph"},{"floor":41,"key":"Pocketwatch"},{"floor":43,"key":"Art of War"},{"floor":45,"key":"Old Coin"},{"floor":55,"key":"Shuriken"}],"event_choices":[{"cards_removed":["Strike_R"],"damage_healed":0,"gold_gain":0,"player_choice":"Offered Basic","damage_taken":0,"max_hp_gain":0,"max_hp_loss":0,"event_name":"Bonfire Elementals","floor":2,"gold_loss":0},{"damage_healed":0,"gold_gain":0,"player_choice":"2 cards matched","damage_taken":0,"max_hp_gain":0,"max_hp_loss":0,"event_name":"Match and Keep!","floor":10,"gold_loss":0,"cards_obtained":["Injury","Impervious"]},{"damage_healed":0,"gold_gain":0,"player_choice":"Opened","damage_taken":0,"relics_obtained":["Orichalcum"],"max_hp_gain":0,"max_hp_loss":0,"event_name":"The Mausoleum","floor":25,"gold_loss":0,"cards_obtained":["Writhe"]},{"damage_healed":0,"gold_gain":50,"player_choice":"Touch","damage_taken":7,"max_hp_gain":0,"max_hp_loss":0,"event_name":"FaceTrader","floor":38,"gold_loss":0}],"is_beta":true,"boss_relics":[{"not_picked":["Lizard Tail","Black Star"],"picked":"Runic Pyramid"},{"not_picked":["Empty Cage","Fusion Hammer"],"picked":"Velvet Choker"}],"items_purged_floors":[3,19,36,46,54],"is_endless":false,"potions_floor_spawned":[14,16,23,30,31,33,39,41,44,45],"ascension_level":20}