{"gold_per_floor":[114,114,9,26,26,26,36,66,112,112,125,152,162,62,62,138,138,152,152,163,78,78,78,111,111,111,131,141,141,176,189,189,266,266,282,282,3,103,103,103,130,140,140,140,175,187,187,202,202,202,202,202,202,20,52,52],"floor_reached":57,"playtime":6988,"items_purged":["Strike_B","Strike_B"],"score":2866,"play_id":"8cb115ed-36a9-4e28-9117-1ffa9be6af4f","local_time":"20190223172517","is_ascension_mode":true,"campfire_choices":[{"data":"Strike_B","floor":6,"key":"SMITH"},{"data":"Compile Driver","floor":10,"key":"SMITH"},{"floor":15,"key":"REST"},{"data":"Dualcast","floor":23,"key":"SMITH"},{"data":"Doom and Gloom","floor":25,"key":"SMITH"},{"data":"Redo","floor":29,"key":"SMITH"},{"data":"White Noise","floor":32,"key":"SMITH"},{"data":"Biased Cognition","floor":44,"key":"SMITH"},{"floor":47,"key":"RECALL"},{"data":"Capacitor","floor":49,"key":"SMITH"},{"data":"Redo","floor":53,"key":"SMITH"}],"neow_cost":"NONE","seed_source_timestamp":211942220563841,"circlet_count":0,"master_deck":["AscendersBane","Defend_B+1","Defend_B+1","Defend_B+1","Defend_B+1","Zap+1","Dualcast+1","Coolheaded+1","Go for the Eyes+1","Compile Driver+1","Cold Snap","Coolheaded","Sweeping Beam","All For One","Genetic Algorithm","Buffer","Doom and Gloom+1","Coolheaded+1","Redo+1","Chill+1","White Noise+1","Coolheaded","Biased Cognition+1","Defragment+1","Capacitor+1","FTL","Redo+1","Madness","Madness","Compile Driver","Glacier+1","BootSequence"],"relics":["Cracked Core","Juzu Bracelet","Emotion Chip","Anchor","Happy Flower","Runic Pyramid","The Courier","Nunchaku","Pear","Dream Catcher","Coffee Dripper","OrangePellets","Pocketwatch","Sundial","Torii","War Paint","Mercury Hourglass"],"potions_floor_usage":[8,12,16,24,30,33,51,56,56],"damage_taken":[{"damage":2,"enemies":"Jaw Worm","floor":1,"turns":3},{"damage":0,"enemies":"Cultist","floor":4,"turns":3},{"damage":0,"enemies":"Small Slimes","floor":7,"turns":2},{"damage":18,"enemies":"3 Sentries","floor":8,"turns":10},{"damage":0,"enemies":"2 Fungi Beasts","floor":11,"turns":3},{"damage":18,"enemies":"Gremlin Nob","floor":12,"turns":4},{"damage":4,"enemies":"Large Slime","floor":13,"turns":3},{"damage":14,"enemies":"Slime Boss","floor":16,"turns":7},{"damage":0,"enemies":"Chosen","floor":18,"turns":4},{"damage":1,"enemies":"Spheric Guardian","floor":20,"turns":6},{"damage":6,"enemies":"Gremlin Leader","floor":24,"turns":5},{"damage":0,"enemies":"Centurion and Healer","floor":27,"turns":7},{"damage":6,"enemies":"Snake Plant","floor":28,"turns":4},{"damage":5,"enemies":"Slavers","floor":30,"turns":6},{"damage":0,"enemies":"Cultist and Chosen","floor":31,"turns":5},{"damage":11,"enemies":"Collector","floor":33,"turns":8},{"damage":0,"enemies":"3 Shapes","floor":35,"turns":10},{"damage":0,"enemies":"Mind Bloom Boss Battle","floor":38,"turns":6},{"damage":0,"enemies":"Nemesis","floor":41,"turns":7},{"damage":0,"enemies":"Orb Walker","floor":42,"turns":4},{"damage":0,"enemies":"Reptomancer","floor":45,"turns":6},{"damage":14,"enemies":"4 Shapes","floor":46,"turns":4},{"damage":1,"enemies":"Jaw Worm Horde","floor":48,"turns":6},{"damage":22,"enemies":"Donu and Deca","floor":50,"turns":10},{"damage":1,"enemies":"Awakened One","floor":51,"turns":13},{"damage":0,"enemies":"Shield and Spear","floor":55,"turns":9},{"damage":4,"enemies":"The Heart","floor":56,"turns":10}],"seed_played":"9036194029535379360","potions_obtained":[{"floor":4,"key":"GamblersBrew"},{"floor":7,"key":"PowerPotion"},{"floor":12,"key":"SteroidPotion"},{"floor":13,"key":"FocusPotion"},{"floor":18,"key":"FocusPotion"},{"floor":24,"key":"Block Potion"},{"floor":35,"key":"LiquidBronze"},{"floor":41,"key":"Ancient Potion"},{"floor":42,"key":"Dexterity Potion"},{"floor":46,"key":"Swift Potion"}],"is_trial":false,"path_per_floor":["M","?","$","M","?","R","M","E","T","R","M","E","M","$","R","B",null,"M","?","M","?","?","R","E","R","T","M","M","R","E","M","R","B",null,"M","?","$","?","?","?","E","M","T","R","E","M","R","M","R","B","B",null,"R","$","E","B",null],"character_chosen":"DEFECT","items_purchased":["Coolheaded","OrangePellets","Capacitor","FTL","Weak Potion","War Paint"],"campfire_rested":1,"item_purchase_floors":[3,37,37,37,54,54],"current_hp_per_floor":[62,62,62,62,62,62,62,44,44,44,44,26,22,22,43,29,61,61,61,60,60,60,60,54,54,64,64,58,58,53,53,53,42,71,71,71,71,71,91,75,75,75,75,75,75,61,61,60,60,38,37,78,78,78,78,74],"gold":52,"neow_bonus":"UPGRADE_CARD","is_prod":false,"is_daily":false,"chose_seed":false,"campfire_upgraded":9,"win_rate":0,"timestamp":1550971517,"path_taken":["M","?","$","M","?","R","M","E","T","R","M","E","M","$","R","BOSS","M","?","M","?","?","R","E","R","T","M","M","R","E","M","R","BOSS","M","?","$","?","?","?","E","M","T","R","E","M","R","M","R","BOSS","BOSS","R","$","E","BOSS"],"build_version":"2019-02-06","purchased_purges":2,"victory":true,"max_hp_per_floor":[71,71,71,71,71,71,71,71,71,71,71,71,71,71,71,71,71,71,71,71,71,71,71,71,71,81,81,81,81,81,81,81,81,81,81,81,81,81,91,91,91,91,91,91,91,91,91,91,91,91,91,91,91,91,91,91],"card_choices":[{"not_picked":["Hologram","Stack"],"picked":"Leap","floor":1},{"not_picked":["Stack","Streamline"],"picked":"Go for the Eyes","floor":4},{"not_picked":["Reprogram","Loop"],"picked":"Compile Driver","floor":7},{"not_picked":["Compile Driver","Rebound"],"picked":"Cold Snap","floor":8},{"not_picked":["Fusion","Turbo"],"picked":"Coolheaded","floor":11},{"not_picked":["Cold Snap","Tempest"],"picked":"Core Surge","floor":12},{"not_picked":["Rebound","Turbo"],"picked":"Sweeping Beam","floor":13},{"not_picked":["Core Surge","Machine Learning"],"picked":"All For One","floor":16},{"not_picked":["Hello World","Heatsinks"],"picked":"Genetic Algorithm","floor":18},{"not_picked":["Melter","Skim","Cold Snap"],"picked":"SKIP","floor":20},{"not_picked":["Streamline","Tempest"],"picked":"Coolheaded+1","floor":24},{"not_picked":["Aggregate+1","Leap"],"picked":"Redo","floor":27},{"not_picked":["Lockon","Hello World+1"],"picked":"Chill","floor":28},{"not_picked":["Rebound","Sweeping Beam"],"picked":"White Noise","floor":30},{"not_picked":["Self Repair","Cold Snap"],"picked":"Coolheaded","floor":31},{"not_picked":["Hyperbeam","Machine Learning"],"picked":"Biased Cognition","floor":33},{"not_picked":["Chaos+1","Scrape"],"picked":"Defragment","floor":35},{"not_picked":["Heatsinks","Steam"],"picked":"Redo","floor":38},{"not_picked":["Rebound","Chaos"],"picked":"Compile Driver","floor":41},{"not_picked":["Melter","Leap+1","Heatsinks"],"picked":"SKIP","floor":42},{"not_picked":["Storm","Lockon","Scrape"],"picked":"SKIP","floor":45},{"not_picked":["Leap","Recycle"],"picked":"Glacier+1","floor":46},{"not_picked":["Hello World","Ball Lightning","Chaos"],"picked":"SKIP","floor":48},{"not_picked":["Genetic Algorithm+1","Sweeping Beam+1"],"picked":"BootSequence","floor":55}],"player_experience":4920732,"relics_obtained":[{"floor":8,"key":"Emotion Chip"},{"floor":9,"key":"Anchor"},{"floor":12,"key":"Happy Flower"},{"floor":24,"key":"Nunchaku"},{"floor":26,"key":"Pear"},{"floor":30,"key":"Dream Catcher"},{"floor":38,"key":"Pocketwatch"},{"floor":41,"key":"Sundial"},{"floor":45,"key":"Torii"},{"floor":55,"key":"Mercury Hourglass"}],"event_choices":[{"cards_removed":["Leap"],"damage_healed":0,"gold_gain":0,"player_choice":"Gave Card","damage_taken":0,"relics_obtained":["Juzu Bracelet"],"max_hp_gain":0,"max_hp_loss":0,"event_name":"WeMeetAgain","floor":2,"gold_loss":0},{"damage_healed":0,"gold_gain":0,"player_choice":"Grow","damage_taken":0,"max_hp_gain":0,"max_hp_loss":0,"event_name":"Living Wall","floor":5,"gold_loss":0,"cards_upgraded":["Go for the Eyes"]},{"damage_healed":0,"gold_gain":0,"player_choice":"Simplicity","damage_taken":0,"max_hp_gain":0,"max_hp_loss":0,"event_name":"Back to Basics","floor":19,"gold_loss":0,"cards_upgraded":["Strike_B","Defend_B","Defend_B","Defend_B","Defend_B"]},{"damage_healed":0,"gold_gain":0,"player_choice":"Obtained Relic","damage_taken":0,"relics_obtained":["The Courier"],"max_hp_gain":0,"max_hp_loss":0,"event_name":"Addict","floor":21,"gold_loss":85},{"damage_healed":0,"gold_gain":0,"cards_transformed":["Strike_B","Strike_B"],"player_choice":"Became Test Subject","damage_taken":0,"max_hp_gain":0,"max_hp_loss":0,"event_name":"Drug Dealer","floor":22,"gold_loss":0,"cards_obtained":["Buffer","Doom and Gloom"]},{"damage_healed":0,"gold_gain":0,"player_choice":"Upgraded","damage_taken":0,"max_hp_gain":0,"max_hp_loss":0,"event_name":"Upgrade Shrine","floor":36,"gold_loss":0,"cards_upgraded":["Defragment"]},{"damage_healed":0,"gold_gain":0,"player_choice":"Fight","damage_taken":0,"max_hp_gain":0,"max_hp_loss":0,"event_name":"MindBloom","floor":38,"gold_loss":0},{"cards_removed":["Core Surge"],"damage_healed":10,"gold_gain":0,"player_choice":"Offered Rare","damage_taken":0,"max_hp_gain":10,"max_hp_loss":0,"event_name":"Bonfire Elementals","floor":39,"gold_loss":0},{"damage_healed":0,"gold_gain":0,"player_choice":"Embrace Madness","damage_taken":16,"max_hp_gain":0,"max_hp_loss":0,"event_name":"Winding Halls","floor":40,"gold_loss":0,"cards_obtained":["Madness","Madness"]}],"is_beta":true,"boss_relics":[{"not_picked":["Runic Dome","Eternal Feather"],"picked":"Runic Pyramid"},{"not_picked":["Pandora\u0027s Box","Orrery"],"picked":"Coffee Dripper"}],"items_purged_floors":[3,14],"is_endless":false,"potions_floor_spawned":[4,7,12,13,18,24,35,41,42,46,55],"ascension_level":20}