{"gold_per_floor":[112,129,145,145,165,165,192,242,317,317,21,37,55,88,88,160,160,173,173,73,88,100,100,134,148,148,163,163],"floor_reached":28,"playtime":1860,"items_purged":["Strike_B","Strike_B"],"score":504,"play_id":"45dc5cb5-6ffc-435d-8685-24a286eed445","local_time":"20190213142550","is_ascension_mode":true,"campfire_choices":[{"data":"Doom and Gloom","floor":6,"key":"SMITH"},{"floor":10,"key":"REST"},{"data":"Strike_B","floor":15,"key":"PURGE"},{"data":"Recycle","floor":23,"key":"SMITH"}],"neow_cost":"NONE","seed_source_timestamp":251911883656137,"circlet_count":0,"master_deck":["AscendersBane","Strike_B","Defend_B","Defend_B","Defend_B","Defend_B","Zap+1","Dualcast","Self Repair","Melter+1","Doom and Gloom+1","Cold Snap","FTL","Compile Driver","Leap","Multi-Cast","Compile Driver","Recycle+1","Glacier","Conserve Battery","Redo+1","Darkness","Seek","Skim","Gash+1"],"relics":["Cracked Core","Peace Pipe","Meat on the Bone","Bronze Scales","Blood Vial","Orrery","Dodecahedron","Pen Nib"],"potions_floor_usage":[7,22,24,27,28],"damage_taken":[{"damage":0,"enemies":"Cultist","floor":1,"turns":3},{"damage":7,"enemies":"Jaw Worm","floor":2,"turns":3},{"damage":14,"enemies":"2 Louse","floor":3,"turns":3},{"damage":12,"enemies":"Looter","floor":5,"turns":3},{"damage":39,"enemies":"Gremlin Nob","floor":7,"turns":4},{"damage":11,"enemies":"Exordium Wildlife","floor":12,"turns":3},{"damage":4,"enemies":"Red Slaver","floor":13,"turns":3},{"damage":15,"enemies":"Lagavulin","floor":14,"turns":3},{"damage":17,"enemies":"Slime Boss","floor":16,"turns":6},{"damage":7,"enemies":"3 Byrds","floor":18,"turns":3},{"damage":6,"enemies":"Spheric Guardian","floor":21,"turns":3},{"damage":28,"enemies":"Snake Plant","floor":22,"turns":3},{"damage":26,"enemies":"Book of Stabbing","floor":24,"turns":5},{"damage":38,"enemies":"Snecko","floor":25,"turns":8},{"damage":9,"enemies":"Cultist and Chosen","floor":27,"turns":5},{"damage":37,"enemies":"Slavers","floor":28,"turns":2}],"seed_played":"6430325029165080532","potions_obtained":[{"floor":1,"key":"Strength Potion"},{"floor":2,"key":"SmokeBomb"},{"floor":13,"key":"LiquidBronze"},{"floor":16,"key":"Ancient Potion"},{"floor":25,"key":"Swift Potion"},{"floor":27,"key":"PowerPotion"}],"is_trial":false,"path_per_floor":["M","M","M","?","M","R","E","?","T","R","$","M","M","E","R","B",null,"M","?","$","M","M","R","E","M","T","M","E"],"character_chosen":"DEFECT","items_purchased":["Bronze Scales","Cold Snap"],"campfire_rested":1,"item_purchase_floors":[11,11],"current_hp_per_floor":[64,64,57,57,52,52,13,6,6,27,27,35,50,47,47,51,66,68,68,68,71,50,50,38,21,21,33,0],"gold":163,"neow_bonus":"UPGRADE_CARD","is_prod":false,"is_daily":false,"chose_seed":false,"campfire_upgraded":2,"win_rate":0,"timestamp":1550096750,"path_taken":["M","M","M","?","M","R","E","?","T","R","$","M","?","E","R","BOSS","M","?","$","M","M","R","E","M","T","M","E"],"build_version":"2019-02-06","purchased_purges":2,"victory":false,"max_hp_per_floor":[71,71,71,71,71,71,71,71,71,71,71,71,71,71,71,71,71,71,71,71,71,71,71,71,71,71,71,71],"card_choices":[{"not_picked":["Gash","Stack"],"picked":"Self Repair","floor":1},{"not_picked":["Chaos","Blizzard","Beam Cell"],"picked":"SKIP","floor":2},{"not_picked":["Streamline","Storm"],"picked":"Melter","floor":3},{"not_picked":["Cold Snap","Coolheaded"],"picked":"Doom and Gloom","floor":5},{"not_picked":["Streamline","Aggregate","Go for the Eyes"],"picked":"SKIP","floor":7},{"not_picked":["Turbo","Ball Lightning"],"picked":"FTL","floor":12},{"not_picked":["Steam","Cold Snap"],"picked":"Compile Driver","floor":13},{"not_picked":["White Noise","Creative AI"],"picked":"Leap","floor":14},{"not_picked":["Buffer","All For One"],"picked":"Multi-Cast","floor":16},{"not_picked":["Beam Cell","Stack"],"picked":"Compile Driver","floor":17},{"not_picked":["Cold Snap","Lockon"],"picked":"Recycle","floor":17},{"not_picked":["Creative AI","Cold Snap"],"picked":"Glacier","floor":17},{"not_picked":["Barrage","Rebound"],"picked":"Conserve Battery","floor":17},{"not_picked":["Stack","Steam"],"picked":"Redo+1","floor":18},{"not_picked":["Redo","Stack","Steam"],"picked":"SKIP","floor":21},{"not_picked":["Reinforced Body","Rebound"],"picked":"Darkness","floor":22},{"not_picked":["Stack","Cold Snap"],"picked":"Seek","floor":24},{"not_picked":["Stack","Recycle+1"],"picked":"Skim","floor":25},{"not_picked":["Leap","Rebound+1"],"picked":"Gash+1","floor":27}],"player_experience":4794926,"relics_obtained":[{"floor":7,"key":"Peace Pipe"},{"floor":9,"key":"Meat on the Bone"},{"floor":14,"key":"Blood Vial"},{"floor":24,"key":"Dodecahedron"},{"floor":26,"key":"Pen Nib"}],"event_choices":[{"damage_healed":0,"gold_gain":0,"player_choice":"Grow","damage_taken":0,"max_hp_gain":0,"max_hp_loss":0,"event_name":"Living Wall","floor":4,"gold_loss":0,"cards_upgraded":["Melter"]},{"damage_healed":0,"gold_gain":50,"player_choice":"Touch","damage_taken":7,"max_hp_gain":0,"max_hp_loss":0,"event_name":"FaceTrader","floor":8,"gold_loss":0},{"damage_healed":0,"gold_gain":0,"player_choice":"Ignored","damage_taken":0,"max_hp_gain":0,"max_hp_loss":0,"event_name":"Vampires","floor":19,"gold_loss":0}],"is_beta":true,"boss_relics":[{"not_picked":["White Beast Statue","Eternal Feather"],"picked":"Orrery"}],"items_purged_floors":[11,20],"is_endless":false,"potions_floor_spawned":[1,2,13,16,25,27],"killed_by":"Slavers","ascension_level":20}