{"gold_per_floor":[113,113,11,30,43,72,72,72,152,162,162,190,190,201,201,275,275,289,289,116,132,150,150,150,150,203,228,228,97,12,30,30,107,107,127,139,139,139,139,151,177,6,6,6,16,43,55,70,70,70],"floor_reached":50,"playtime":4146,"items_purged":["Strike_B","Strike_B","Parasite"],"score":1260,"play_id":"14b77026-2fa2-4b1b-8d9c-36fd4426eea7","local_time":"20190212125209","is_ascension_mode":true,"campfire_choices":[{"floor":7,"key":"REST"},{"data":"Buffer","floor":11,"key":"SMITH"},{"data":"Coolheaded","floor":13,"key":"SMITH"},{"data":"Sweeping Beam","floor":15,"key":"SMITH"},{"floor":23,"key":"REST"},{"floor":25,"key":"REST"},{"floor":28,"key":"REST"},{"data":"Seek","floor":32,"key":"SMITH"},{"floor":44,"key":"RECALL"},{"data":"Coolheaded","floor":49,"key":"SMITH"}],"neow_cost":"NONE","seed_source_timestamp":157606317443152,"circlet_count":0,"master_deck":["AscendersBane","Defend_B","Defend_B","Defend_B","Zap+1","Gash","Coolheaded+1","Gash","Buffer+1","Compile Driver","Sweeping Beam+1","Core Surge","Heatsinks","Recycle","Static Discharge","Gash","Leap+1","Coolheaded+1","Heatsinks","Self Repair","Seek+1","Fission","Sunder+1","Chaos+1","Storm+1","Defragment+1","Coolheaded","Master of Strategy","Dark Shackles","Finesse","BootSequence+1","Storm+1","Coolheaded","Coolheaded","Buffer"],"relics":["Cracked Core","Smiling Mask","Orichalcum","Mummified Hand","Dream Catcher","Cursed Key","Dead Branch","Blood Vial","Astrolabe","Bag of Preparation","Centennial Puzzle"],"potions_floor_usage":[12,12,22,27,50],"damage_taken":[{"damage":11,"enemies":"Small Slimes","floor":1,"turns":4},{"damage":0,"enemies":"Cultist","floor":4,"turns":3},{"damage":0,"enemies":"Jaw Worm","floor":5,"turns":4},{"damage":39,"enemies":"Gremlin Nob","floor":6,"turns":4},{"damage":0,"enemies":"Large Slime","floor":10,"turns":4},{"damage":4,"enemies":"3 Sentries","floor":12,"turns":9},{"damage":1,"enemies":"Looter","floor":14,"turns":3},{"damage":21,"enemies":"The Guardian","floor":16,"turns":12},{"damage":0,"enemies":"Chosen","floor":18,"turns":4},{"damage":17,"enemies":"Shell Parasite","floor":21,"turns":5},{"damage":36,"enemies":"Snake Plant","floor":22,"turns":3},{"damage":35,"enemies":"Gremlin Leader","floor":27,"turns":7},{"damage":8,"enemies":"Snecko","floor":31,"turns":5},{"damage":8,"enemies":"Champ","floor":33,"turns":12},{"damage":0,"enemies":"3 Shapes","floor":35,"turns":2},{"damage":0,"enemies":"3 Darklings","floor":36,"turns":2},{"damage":0,"enemies":"Transient","floor":40,"turns":6},{"damage":0,"enemies":"Reptomancer","floor":41,"turns":7},{"damage":0,"enemies":"Jaw Worm Horde","floor":45,"turns":2},{"damage":0,"enemies":"Giant Head","floor":46,"turns":6},{"damage":0,"enemies":"Spire Growth","floor":47,"turns":2},{"damage":0,"enemies":"Writhing Mass","floor":48,"turns":1},{"damage":69,"enemies":"Time Eater","floor":50,"turns":11}],"seed_played":"-8643684972176726691","potions_obtained":[{"floor":4,"key":"SpeedPotion"},{"floor":6,"key":"Swift Potion"},{"floor":12,"key":"FearPotion"},{"floor":16,"key":"Explosive Potion"},{"floor":33,"key":"FocusPotion"},{"floor":36,"key":"Explosive Potion"},{"floor":45,"key":"SpeedPotion"}],"is_trial":false,"path_per_floor":["M","?","$","M","M","E","R","?","T","M","R","E","R","M","R","B",null,"M","?","$","M","M","R","?","R","T","E","R","$","?","M","R","B",null,"M","M","?","?","?","M","E","$","T","R","M","E","M","M","R","B"],"character_chosen":"DEFECT","items_purchased":["Coolheaded","Recycle","Static Discharge","Seek","Bag of Preparation"],"campfire_rested":4,"item_purchase_floors":[3,20,20,29,42],"current_hp_per_floor":[53,53,53,53,53,14,35,35,35,35,35,31,31,30,30,9,56,56,56,56,39,3,24,24,45,45,10,31,31,31,32,32,33,59,68,68,68,58,58,67,68,68,68,68,68,68,68,68,68,0],"gold":70,"neow_bonus":"RANDOM_COMMON_RELIC","is_prod":false,"is_daily":false,"chose_seed":false,"campfire_upgraded":5,"win_rate":0,"timestamp":1550004729,"path_taken":["M","?","$","M","M","E","R","?","T","M","R","E","R","?","R","BOSS","M","?","$","M","M","R","?","R","T","E","R","$","?","M","R","BOSS","M","M","?","?","?","M","E","$","T","R","M","E","?","?","R","BOSS"],"build_version":"2019-02-06","purchased_purges":3,"victory":false,"max_hp_per_floor":[71,71,71,71,71,71,71,71,71,71,71,71,71,71,71,71,71,71,71,71,71,71,71,71,71,71,71,71,68,68,68,68,68,68,68,68,68,68,68,68,68,68,68,68,68,68,68,68,68,68],"card_choices":[{"not_picked":["Barrage","Undo"],"picked":"Gash","floor":1},{"not_picked":["Rip and Tear","Go for the Eyes"],"picked":"Ball Lightning","floor":4},{"not_picked":["Streamline","Compile Driver"],"picked":"Gash","floor":5},{"not_picked":["Redo","Streamline","Go for the Eyes"],"picked":"SKIP","floor":6},{"not_picked":["BootSequence","Streamline"],"picked":"Buffer","floor":10},{"not_picked":["Streamline","Redo"],"picked":"Compile Driver","floor":12},{"not_picked":["Go for the Eyes","Steam"],"picked":"Sweeping Beam","floor":14},{"not_picked":["Multi-Cast","Amplify"],"picked":"Core Surge","floor":16},{"not_picked":["Streamline","Double Energy"],"picked":"Heatsinks","floor":18},{"not_picked":["Redo","Compile Driver"],"picked":"Gash","floor":21},{"not_picked":["Undo","Reprogram"],"picked":"Leap+1","floor":22},{"not_picked":["Steam","Double Energy"],"picked":"Heatsinks","floor":25},{"not_picked":["Melter","Recycle"],"picked":"Self Repair","floor":27},{"not_picked":["Redo","Thunder Strike","Go for the Eyes"],"picked":"SKIP","floor":31},{"not_picked":["Machine Learning","Thunder Strike"],"picked":"Fission","floor":33},{"not_picked":["Sweeping Beam+1","Ball Lightning+1"],"picked":"Defragment+1","floor":35},{"not_picked":["Doom and Gloom","Rip and Tear"],"picked":"Coolheaded","floor":36},{"not_picked":["The Bomb","Secret Weapon"],"picked":"Master of Strategy","floor":38},{"not_picked":["Madness","Dramatic Entrance"],"picked":"Dark Shackles","floor":38},{"not_picked":["Purity","Panacea"],"picked":"Finesse","floor":38},{"not_picked":["Steam","Go for the Eyes"],"picked":"BootSequence+1","floor":40},{"not_picked":["Sweeping Beam","Static Discharge"],"picked":"Storm+1","floor":41},{"not_picked":["Double Energy","Skim"],"picked":"Coolheaded","floor":45},{"not_picked":["Redo","Multi-Cast","Doom and Gloom"],"picked":"SKIP","floor":46},{"not_picked":["Auto Shields+1","Hologram"],"picked":"Coolheaded","floor":47},{"not_picked":["Streamline","Steam"],"picked":"Buffer","floor":48}],"player_experience":4770731,"relics_obtained":[{"floor":6,"key":"Orichalcum"},{"floor":9,"key":"Mummified Hand"},{"floor":12,"key":"Dream Catcher"},{"floor":27,"key":"Dead Branch"},{"floor":46,"key":"Centennial Puzzle"}],"event_choices":[{"damage_healed":0,"gold_gain":0,"player_choice":"Grow","damage_taken":0,"max_hp_gain":0,"max_hp_loss":0,"event_name":"Living Wall","floor":2,"gold_loss":0,"cards_upgraded":["Zap"]},{"cards_removed":["Strike_B"],"damage_healed":0,"gold_gain":0,"player_choice":"Offered Basic","damage_taken":0,"max_hp_gain":0,"max_hp_loss":0,"event_name":"Bonfire Elementals","floor":8,"gold_loss":0},{"damage_healed":0,"gold_gain":0,"player_choice":"Ignored","damage_taken":0,"max_hp_gain":0,"max_hp_loss":0,"event_name":"Vampires","floor":19,"gold_loss":0},{"damage_healed":0,"gold_gain":0,"player_choice":"Read","damage_taken":0,"max_hp_gain":0,"max_hp_loss":0,"event_name":"The Library","floor":24,"gold_loss":0,"cards_obtained":["Coolheaded"]},{"damage_healed":0,"gold_gain":0,"player_choice":"Obtained Relic","damage_taken":0,"relics_obtained":["Blood Vial"],"max_hp_gain":0,"max_hp_loss":0,"event_name":"Addict","floor":30,"gold_loss":85},{"damage_healed":0,"gold_gain":0,"player_choice":"Ignored","damage_taken":0,"max_hp_gain":0,"max_hp_loss":0,"event_name":"Tomb of Lord Red Mask","floor":37,"gold_loss":0},{"damage_healed":0,"gold_gain":0,"player_choice":"Memory 3","damage_taken":10,"max_hp_gain":0,"max_hp_loss":0,"event_name":"SensoryStone","floor":38,"gold_loss":0},{"cards_removed":["Ball Lightning"],"damage_healed":0,"gold_gain":0,"player_choice":"Removed Attack","damage_taken":0,"max_hp_gain":0,"max_hp_loss":0,"event_name":"Falling","floor":39,"gold_loss":0}],"is_beta":true,"boss_relics":[{"not_picked":["FrozenCore","Sozu"],"picked":"Cursed Key"},{"not_picked":["Tiny House","Orrery"],"picked":"Astrolabe"}],"items_purged_floors":[3,20,29],"is_endless":false,"potions_floor_spawned":[4,6,12,16,33,36,45,48],"killed_by":"Time Eater","ascension_level":20}