{"gold_per_floor":[119,119,119,135,47,81,81,110,133,159,159,109,109,127,127,202,202,221,171,191,141,161,161,33,63,63,75,75,106,118,150,150,224,224,237,237,109,163,163,194,206,19,19,45,45,45,70,83,83,83,83,83,83,33,61,61],"floor_reached":57,"playtime":4042,"items_purged":["Strike_B","Defend_B","Strike_B+1","Strike_B+1","Normality","Defend_B"],"score":2874,"play_id":"bfc1c424-29f0-4c17-9168-b6f11e9a414f","local_time":"20190213170414","is_ascension_mode":true,"campfire_choices":[{"data":"Compile Driver","floor":7,"key":"SMITH"},{"data":"Loop","floor":13,"key":"SMITH"},{"data":"Consume","floor":15,"key":"SMITH"},{"data":"Loop","floor":23,"key":"SMITH"},{"floor":28,"key":"REST"},{"floor":32,"key":"REST"},{"floor":45,"key":"RECALL"},{"data":"Defragment","floor":49,"key":"SMITH"},{"data":"Loop","floor":53,"key":"SMITH"}],"neow_cost":"NONE","seed_source_timestamp":259196569250495,"circlet_count":0,"master_deck":["AscendersBane","Defend_B","Defend_B","Zap+1","Dualcast","Glacier","Consume+1","Loop+1","Compile Driver+1","Ball Lightning","Recycle","Biased Cognition+1","Reinforced Body+1","Loop+1","Compile Driver","Hologram","Conserve Battery","Go for the Eyes+1","Electrodynamics","Skim","Defragment+1","Coolheaded","Chill+1","Loop+1","Coolheaded","Undo"],"relics":["Cracked Core","Smiling Mask","Pantograph","Orichalcum","Whetstone","Symbiotic Virus","Cursed Key","Boot","DataDisk","Regal Pillow","Inserter","Bag of Preparation","Omamori","Juzu Bracelet","The Courier","Mummified Hand"],"potions_floor_usage":[8,10,22,25,29,31,41,56,56],"damage_taken":[{"damage":0,"enemies":"Cultist","floor":1,"turns":3},{"damage":0,"enemies":"2 Louse","floor":4,"turns":3},{"damage":2,"enemies":"Lagavulin","floor":6,"turns":9},{"damage":6,"enemies":"3 Sentries","floor":8,"turns":13},{"damage":14,"enemies":"Lagavulin","floor":10,"turns":8},{"damage":1,"enemies":"Jaw Worm","floor":14,"turns":2},{"damage":36,"enemies":"Hexaghost","floor":16,"turns":7},{"damage":3,"enemies":"3 Byrds","floor":18,"turns":4},{"damage":1,"enemies":"2 Thieves","floor":20,"turns":4},{"damage":5,"enemies":"Shelled Parasite and Fungi","floor":22,"turns":4},{"damage":17,"enemies":"Book of Stabbing","floor":25,"turns":3},{"damage":4,"enemies":"Snecko","floor":27,"turns":3},{"damage":7,"enemies":"Gremlin Leader","floor":29,"turns":4},{"damage":25,"enemies":"Centurion and Healer","floor":30,"turns":4},{"damage":12,"enemies":"Slavers","floor":31,"turns":8},{"damage":33,"enemies":"Automaton","floor":33,"turns":12},{"damage":0,"enemies":"3 Shapes","floor":35,"turns":3},{"damage":2,"enemies":"Nemesis","floor":40,"turns":5},{"damage":24,"enemies":"3 Darklings","floor":41,"turns":4},{"damage":0,"enemies":"Giant Head","floor":44,"turns":16},{"damage":0,"enemies":"Reptomancer","floor":47,"turns":5},{"damage":3,"enemies":"Transient","floor":48,"turns":6},{"damage":6,"enemies":"Donu and Deca","floor":50,"turns":15},{"damage":11,"enemies":"Time Eater","floor":51,"turns":20},{"damage":37,"enemies":"Shield and Spear","floor":55,"turns":8},{"damage":28,"enemies":"The Heart","floor":56,"turns":13}],"seed_played":"2464014756267384347","potions_obtained":[{"floor":1,"key":"FearPotion"},{"floor":4,"key":"Explosive Potion"},{"floor":8,"key":"Regen Potion"},{"floor":10,"key":"Weak Potion"},{"floor":16,"key":"Ancient Potion"},{"floor":22,"key":"EssenceOfSteel"},{"floor":27,"key":"Poison Potion"},{"floor":31,"key":"AttackPotion"},{"floor":33,"key":"Explosive Potion"},{"floor":41,"key":"FocusPotion"}],"is_trial":false,"path_per_floor":["M","?","$","M","$","E","R","E","T","E","?","$","R","M","R","B",null,"M","?","M","$","M","R","$","E","T","M","R","E","M","E","R","B",null,"M","?","$","T","?","E","M","$","T","E","R","?","E","M","R","B","B",null,"R","$","E","B",null],"character_chosen":"DEFECT","items_purchased":["Loop","Blizzard","Defragment","Coolheaded","FocusPotion"],"campfire_rested":2,"item_purchase_floors":[5,24,37,42,42],"current_hp_per_floor":[64,64,64,64,64,62,62,56,56,57,39,39,39,38,38,27,60,57,57,56,56,51,51,51,34,34,30,51,44,19,7,43,35,62,62,62,62,62,62,60,36,36,36,36,36,36,36,33,33,52,60,68,68,68,31,28],"gold":61,"neow_bonus":"UPGRADE_CARD","is_prod":false,"is_daily":false,"chose_seed":false,"campfire_upgraded":6,"win_rate":0,"timestamp":1550106254,"path_taken":["M","?","?","?","$","E","R","E","T","E","?","$","R","M","R","BOSS","M","?","?","$","?","R","$","E","T","M","R","E","M","E","R","BOSS","M","?","?","?","?","E","M","$","T","E","R","?","E","M","R","BOSS","BOSS","R","$","E","BOSS"],"build_version":"2019-02-06","purchased_purges":6,"victory":true,"max_hp_per_floor":[71,71,71,71,71,71,71,71,71,71,71,71,71,71,71,71,71,71,71,71,71,71,71,71,71,71,71,71,71,71,71,71,71,71,71,71,71,71,71,71,71,71,71,71,71,71,71,71,71,71,71,71,71,71,71,71],"card_choices":[{"not_picked":["Double Energy","Force Field","Steam"],"picked":"SKIP","floor":1},{"not_picked":["Self Repair","Capacitor"],"picked":"Consume","floor":4},{"not_picked":["Stack","Rebound"],"picked":"Compile Driver","floor":6},{"not_picked":["Machine Learning","Barrage","Redo"],"picked":"SKIP","floor":8},{"not_picked":["Glacier","Meteor Strike"],"picked":"Ball Lightning","floor":10},{"not_picked":["Reprogram","Barrage"],"picked":"Recycle","floor":14},{"not_picked":["Multi-Cast","Core Surge"],"picked":"Biased Cognition","floor":16},{"not_picked":["Beam Cell","Go for the Eyes"],"picked":"Reinforced Body","floor":18},{"not_picked":["Sweeping Beam","Turbo"],"picked":"Loop","floor":20},{"not_picked":["Go for the Eyes","Hello World"],"picked":"Compile Driver","floor":22},{"not_picked":["BootSequence","Streamline"],"picked":"Hologram","floor":25},{"not_picked":["Force Field","Loop"],"picked":"Conserve Battery","floor":27},{"not_picked":["Fission","Turbo","Aggregate"],"picked":"SKIP","floor":29},{"not_picked":["Beam Cell","Ball Lightning"],"picked":"Go for the Eyes+1","floor":30},{"not_picked":["Rebound","Beam Cell","Go for the Eyes+1"],"picked":"SKIP","floor":31},{"not_picked":["Fission","Thunder Strike"],"picked":"Electrodynamics","floor":33},{"not_picked":["Steam+1","Undo"],"picked":"Skim","floor":35},{"not_picked":["Conserve Battery","Meteor Strike","Recycle"],"picked":"SKIP","floor":40},{"not_picked":["Ball Lightning","Steam","Stack"],"picked":"SKIP","floor":41},{"not_picked":["Genetic Algorithm+1","All For One"],"picked":"Chill+1","floor":44},{"not_picked":["Stack","Sweeping Beam"],"picked":"Loop","floor":47},{"not_picked":["Steam","Reinforced Body"],"picked":"Coolheaded","floor":48},{"not_picked":["Gash","Auto Shields"],"picked":"Undo","floor":55}],"player_experience":4802134,"relics_obtained":[{"floor":6,"key":"Smiling Mask"},{"floor":8,"key":"Pantograph"},{"floor":9,"key":"Orichalcum"},{"floor":10,"key":"Whetstone"},{"floor":25,"key":"Boot"},{"floor":29,"key":"DataDisk"},{"floor":31,"key":"Regal Pillow"},{"floor":38,"key":"Bag of Preparation"},{"floor":40,"key":"Omamori"},{"floor":44,"key":"Juzu Bracelet"},{"floor":47,"key":"The Courier"},{"floor":55,"key":"Mummified Hand"}],"event_choices":[{"damage_healed":0,"gold_gain":0,"cards_transformed":["Strike_B"],"player_choice":"Transformed","damage_taken":0,"max_hp_gain":0,"max_hp_loss":0,"event_name":"Transmorgrifier","floor":2,"gold_loss":0,"cards_obtained":["Glacier"]},{"damage_healed":0,"gold_gain":0,"player_choice":"Success","damage_taken":18,"relics_obtained":["Symbiotic Virus"],"max_hp_gain":0,"max_hp_loss":0,"event_name":"Scrap Ooze","floor":11,"gold_loss":0},{"damage_healed":0,"gold_gain":0,"player_choice":"Upgraded Two","damage_taken":0,"max_hp_gain":0,"max_hp_loss":0,"event_name":"Designer","floor":19,"gold_loss":50,"cards_upgraded":["Biased Cognition","Reinforced Body"]},{"damage_healed":0,"gold_gain":0,"player_choice":"1 cards matched","damage_taken":0,"max_hp_gain":0,"max_hp_loss":0,"event_name":"Match and Keep!","floor":36,"gold_loss":0,"cards_obtained":["Stack"]},{"cards_removed":["Blizzard"],"damage_healed":0,"gold_gain":0,"player_choice":"Removed Attack","damage_taken":0,"max_hp_gain":0,"max_hp_loss":0,"event_name":"Falling","floor":39,"gold_loss":0},{"cards_removed":["Stack"],"damage_healed":0,"gold_gain":0,"player_choice":"Purged","damage_taken":0,"max_hp_gain":0,"max_hp_loss":0,"event_name":"Purifier","floor":46,"gold_loss":0}],"is_beta":true,"boss_relics":[{"not_picked":["Astrolabe","FrozenCore"],"picked":"Cursed Key"},{"not_picked":["Nuclear Battery","Lizard Tail"],"picked":"Inserter"}],"items_purged_floors":[12,21,24,37,42,54],"is_endless":false,"potions_floor_spawned":[1,4,8,10,16,20,22,27,31,33,35,41,44],"ascension_level":20}