{"gold_per_floor":[111,24,74,74,94,120,120,135,135,167,167,189,189,114,114,191,191,205,205,220,239,251,251,41,41,41,68,68,101,112,141,141,213,213,224,53,69,0,0,63,63,82,82,92,192,238,238,255,255,255,255,255,255,52,82,82],"floor_reached":56,"playtime":5244,"items_purged":["Strike_G"],"score":2082,"play_id":"a0ae1408-251c-40e2-9448-51f45ea42e58","local_time":"20190213135409","is_ascension_mode":true,"campfire_choices":[{"data":"Noxious Fumes","floor":7,"key":"SMITH"},{"floor":13,"key":"REST"},{"data":"Neutralize","floor":15,"key":"SMITH"},{"floor":23,"key":"REST"},{"data":"After Image","floor":25,"key":"SMITH"},{"data":"Blade Dance","floor":32,"key":"SMITH"},{"data":"Well Laid Plans","floor":41,"key":"SMITH"},{"floor":47,"key":"RECALL"},{"floor":49,"key":"REST"},{"floor":53,"key":"REST"}],"neow_cost":"NONE","seed_source_timestamp":246631712339724,"circlet_count":0,"master_deck":["AscendersBane","Defend_G+1","Defend_G","Defend_G+1","Defend_G","Defend_G","Strike_G","Survivor","Neutralize+1","Poisoned Stab","Noxious Fumes+1","Dash","Poisoned Stab","Noxious Fumes","After Image+1","PiercingWail","PiercingWail","Deflect","After Image","Well Laid Plans+1","Acrobatics","Dodge and Roll","Endless Agony","Blade Dance+1","Cloak And Dagger","Calculated Gamble","Cloak And Dagger","After Image","Bouncing Flask"],"relics":["Ring of the Snake","Juzu Bracelet","Ninja Scroll","Matryoshka","The Specimen","Odd Mushroom","Orrery","TwistedFunnel","PreservedInsect","Kunai","Boot","War Paint","Bag of Preparation","Busted Crown","Red Mask","Tiny Chest","Lantern","Girya","Thread and Needle","Pantograph"],"potions_floor_usage":[10,12,12,16,29,29,33,35,46,46,56,56],"damage_taken":[{"damage":3,"enemies":"Cultist","floor":1,"turns":4},{"damage":2,"enemies":"Jaw Worm","floor":5,"turns":4},{"damage":14,"enemies":"Gremlin Nob","floor":6,"turns":4},{"damage":0,"enemies":"Small Slimes","floor":8,"turns":3},{"damage":20,"enemies":"3 Sentries","floor":10,"turns":5},{"damage":16,"enemies":"The Mushroom Lair","floor":12,"turns":4},{"damage":13,"enemies":"The Guardian","floor":16,"turns":10},{"damage":9,"enemies":"3 Byrds","floor":18,"turns":5},{"damage":1,"enemies":"Chosen","floor":20,"turns":6},{"damage":9,"enemies":"Snake Plant","floor":21,"turns":7},{"damage":7,"enemies":"Sentry and Sphere","floor":22,"turns":6},{"damage":3,"enemies":"Book of Stabbing","floor":27,"turns":5},{"damage":0,"enemies":"Slavers","floor":29,"turns":4},{"damage":0,"enemies":"Centurion and Healer","floor":30,"turns":11},{"damage":6,"enemies":"Book of Stabbing","floor":31,"turns":6},{"damage":0,"enemies":"Collector","floor":33,"turns":10},{"damage":2,"enemies":"Orb Walker","floor":35,"turns":4},{"damage":0,"enemies":"3 Shapes","floor":37,"turns":4},{"damage":4,"enemies":"Giant Head","floor":40,"turns":10},{"damage":13,"enemies":"Spire Growth","floor":42,"turns":8},{"damage":0,"enemies":"Sphere and 2 Shapes","floor":44,"turns":6},{"damage":0,"enemies":"Mind Bloom Boss Battle","floor":45,"turns":8},{"damage":24,"enemies":"2 Orb Walkers","floor":46,"turns":6},{"damage":0,"enemies":"4 Shapes","floor":48,"turns":6},{"damage":0,"enemies":"Donu and Deca","floor":50,"turns":13},{"damage":15,"enemies":"Time Eater","floor":51,"turns":18},{"damage":4,"enemies":"Shield and Spear","floor":55,"turns":9},{"damage":85,"enemies":"The Heart","floor":56,"turns":5}],"seed_played":"1546955859379857744","potions_obtained":[{"floor":5,"key":"Swift Potion"},{"floor":8,"key":"Weak Potion"},{"floor":10,"key":"Regen Potion"},{"floor":12,"key":"SteroidPotion"},{"floor":18,"key":"Explosive Potion"},{"floor":20,"key":"Block Potion"},{"floor":30,"key":"Ancient Potion"},{"floor":33,"key":"FearPotion"},{"floor":37,"key":"GamblersBrew"},{"floor":48,"key":"AttackPotion"},{"floor":55,"key":"Poison Potion"}],"is_trial":false,"path_per_floor":["M","$","?","?","M","E","R","M","T","E","?","?","R","?","R","B",null,"M","?","M","M","M","R","$","R","T","E","$","E","M","E","R","B",null,"M","$","M","?","?","E","R","M","T","M","?","?","R","M","R","B","B",null,"R","$","E","B"],"character_chosen":"THE_SILENT","items_purchased":["Noxious Fumes","TwistedFunnel","Calculated Gamble","Dexterity Potion","Swift Potion","After Image"],"campfire_rested":4,"item_purchase_floors":[2,24,36,36,54,54],"current_hp_per_floor":[56,56,56,49,47,33,33,33,33,13,9,7,26,26,26,13,53,44,44,43,34,27,46,46,46,46,43,43,43,43,37,37,37,59,57,57,57,57,57,53,53,40,40,40,40,16,16,16,35,35,20,55,66,66,62,0],"gold":82,"neow_bonus":"RANDOM_COMMON_RELIC","is_prod":false,"is_daily":false,"chose_seed":false,"campfire_upgraded":5,"win_rate":0,"timestamp":1550094849,"path_taken":["M","$","?","?","M","E","R","M","T","E","?","?","R","?","R","BOSS","M","?","M","M","M","R","$","R","T","E","$","E","M","E","R","BOSS","M","?","M","?","?","E","R","M","T","M","?","?","R","M","R","BOSS","BOSS","R","$","E","BOSS"],"build_version":"2019-02-06","purchased_purges":1,"victory":false,"max_hp_per_floor":[66,66,66,66,66,66,66,66,66,66,66,66,66,66,66,66,66,66,66,66,66,66,66,66,66,66,66,66,66,66,66,66,66,66,66,66,66,66,66,66,66,66,66,66,66,66,66,66,66,66,66,66,66,66,66,66],"card_choices":[{"not_picked":["Dodge and Roll","Slice"],"picked":"Poisoned Stab","floor":1},{"not_picked":["Blur","Backflip"],"picked":"Dash","floor":5},{"not_picked":["Quick Slash","Sucker Punch"],"picked":"Poisoned Stab","floor":6},{"not_picked":["Prepared","Reflex"],"picked":"Noxious Fumes","floor":8},{"not_picked":["Sucker Punch","Backstab"],"picked":"After Image","floor":10},{"not_picked":["Underhanded Strike","Blur"],"picked":"PiercingWail","floor":17},{"not_picked":["Blade Dance","Finisher"],"picked":"PiercingWail","floor":17},{"not_picked":["Prepared","Finisher"],"picked":"Deflect","floor":17},{"not_picked":["Quick Slash+1","Outmaneuver","Flying Knee"],"picked":"SKIP","floor":18},{"not_picked":["Prepared","Escape Plan"],"picked":"Well Laid Plans","floor":20},{"not_picked":["Prepared","Flying Knee+1","Accuracy"],"picked":"SKIP","floor":21},{"not_picked":["Flying Knee","Dash"],"picked":"Acrobatics","floor":22},{"not_picked":["Deadly Poison","Envenom"],"picked":"Dodge and Roll","floor":27},{"not_picked":["Blade Dance","Finisher"],"picked":"Endless Agony","floor":29},{"not_picked":["Bane","Backstab+1","Poisoned Stab+1"],"picked":"SKIP","floor":30},{"not_picked":["Storm of Steel","Masterful Stab"],"picked":"Blade Dance","floor":31},{"not_picked":[],"picked":"Cloak And Dagger","floor":35},{"not_picked":["Finisher+1"],"picked":"SKIP","floor":37},{"not_picked":["Heel Hook"],"picked":"SKIP","floor":40},{"not_picked":["Setup"],"picked":"SKIP","floor":42},{"not_picked":["Backstab"],"picked":"SKIP","floor":44},{"not_picked":[],"picked":"Cloak And Dagger","floor":45},{"not_picked":["Prepared"],"picked":"SKIP","floor":48},{"not_picked":["Prepared"],"picked":"SKIP","floor":48},{"not_picked":[],"picked":"Bouncing Flask","floor":55}],"player_experience":4789682,"relics_obtained":[{"floor":6,"key":"Ninja Scroll"},{"floor":9,"key":"Matryoshka"},{"floor":10,"key":"The Specimen"},{"floor":12,"key":"Odd Mushroom"},{"floor":26,"key":"PreservedInsect"},{"floor":26,"key":"Kunai"},{"floor":27,"key":"Boot"},{"floor":29,"key":"War Paint"},{"floor":31,"key":"Bag of Preparation"},{"floor":40,"key":"Tiny Chest"},{"floor":43,"key":"Lantern"},{"floor":45,"key":"Girya"},{"floor":46,"key":"Thread and Needle"},{"floor":55,"key":"Pantograph"}],"event_choices":[{"damage_healed":0,"gold_gain":50,"player_choice":"Pray","damage_taken":0,"max_hp_gain":0,"max_hp_loss":0,"event_name":"Golden Shrine","floor":3,"gold_loss":0},{"cards_removed":["Strike_G"],"damage_healed":0,"gold_gain":0,"player_choice":"Card Removal","damage_taken":7,"max_hp_gain":0,"max_hp_loss":0,"event_name":"Golden Wing","floor":4,"gold_loss":0},{"damage_healed":0,"gold_gain":0,"player_choice":"Bought 0 Potions","damage_taken":0,"max_hp_gain":0,"max_hp_loss":0,"event_name":"The Woman in Blue","floor":11,"gold_loss":0},{"damage_healed":0,"gold_gain":0,"player_choice":"Fought Mushrooms","damage_taken":0,"max_hp_gain":0,"max_hp_loss":0,"event_name":"Mushrooms","floor":12,"gold_loss":0},{"cards_removed":["Strike_G"],"damage_healed":0,"gold_gain":0,"player_choice":"Card Removal","damage_taken":0,"max_hp_gain":0,"max_hp_loss":0,"event_name":"The Cleric","floor":14,"gold_loss":75},{"damage_healed":0,"gold_gain":0,"player_choice":"Copied","damage_taken":0,"max_hp_gain":0,"max_hp_loss":0,"event_name":"Duplicator","floor":19,"gold_loss":0,"cards_obtained":["After Image"]},{"damage_healed":0,"gold_gain":0,"player_choice":"Paid","damage_taken":0,"relics_obtained":["Red Mask"],"max_hp_gain":0,"max_hp_loss":0,"event_name":"Tomb of Lord Red Mask","floor":38,"gold_loss":69},{"cards_removed":["Strike_G"],"damage_healed":0,"gold_gain":0,"player_choice":"Removed Attack","damage_taken":0,"max_hp_gain":0,"max_hp_loss":0,"event_name":"Falling","floor":39,"gold_loss":0},{"damage_healed":0,"gold_gain":0,"player_choice":"Fight","damage_taken":0,"max_hp_gain":0,"max_hp_loss":0,"event_name":"MindBloom","floor":45,"gold_loss":0},{"damage_healed":0,"gold_gain":0,"player_choice":"Fight","damage_taken":0,"max_hp_gain":0,"max_hp_loss":0,"event_name":"Mysterious Sphere","floor":46,"gold_loss":0}],"is_beta":true,"boss_relics":[{"not_picked":["Calling Bell","Lizard Tail"],"picked":"Orrery"},{"not_picked":["Snecko Eye","Runic Dome"],"picked":"Busted Crown"}],"items_purged_floors":[36],"is_endless":false,"potions_floor_spawned":[5,8,10,12,18,20,22,30,33,37,40,45,48,55],"killed_by":"The Heart","ascension_level":20}