{"gold_per_floor":[118,131,56,131,142,142,173,173,173,188,33,64,81,99,99,173,173,192,211,111,111,111,139,64,99,99,99,114,139,164,264,264,338,338,352,352,352,363,375,405,32,32,32,43,43,0,0,34,34,34],"floor_reached":50,"playtime":4461,"items_purged":["Strike_R","Strike_R"],"score":1232,"play_id":"71c1b173-9d6f-4c82-97a1-b741c54cd91a","local_time":"20190226143706","is_ascension_mode":true,"campfire_choices":[{"data":"Uppercut","floor":6,"key":"SMITH"},{"data":"Carnage","floor":8,"key":"SMITH"},{"data":"Flame Barrier","floor":15,"key":"SMITH"},{"data":"Bash","floor":32,"key":"PURGE"},{"floor":45,"key":"REST"},{"floor":49,"key":"RECALL"}],"neow_cost":"NONE","seed_source_timestamp":495044359493,"circlet_count":0,"master_deck":["AscendersBane","Defend_R+1","Defend_R+1","Defend_R+1","Defend_R+1","Sword Boomerang","Carnage+1","Uppercut+1","Limit Break","Anger","Flame Barrier+1","Demon Form+1","Metallicize","Shrug It Off+1","Disarm","Battle Trance","Impervious","Burning Pact","Exhume","Disarm","Master of Strategy","Finesse","Blind","Corruption","Spot Weakness","Inflame+1","Flex","Headbutt","Clothesline"],"relics":["Burning Blood","PreservedInsect","Pen Nib","Self Forming Clay","Happy Flower","Fusion Hammer","Mummified Hand","Juzu Bracelet","Letter Opener","Blood Vial","Peace Pipe","The Courier","Cursed Key","Bottled Lightning","Potion Belt","Oddly Smooth Stone","Anchor","Red Mask","Bottled Flame"],"potions_floor_usage":[10,16,23,48,50],"damage_taken":[{"damage":9,"enemies":"Small Slimes","floor":1,"turns":5},{"damage":6,"enemies":"Jaw Worm","floor":2,"turns":4},{"damage":2,"enemies":"2 Louse","floor":5,"turns":4},{"damage":35,"enemies":"Lagavulin","floor":7,"turns":4},{"damage":4,"enemies":"Large Slime","floor":10,"turns":3},{"damage":6,"enemies":"Gremlin Nob","floor":12,"turns":3},{"damage":11,"enemies":"Gremlin Gang","floor":13,"turns":5},{"damage":0,"enemies":"Exordium Thugs","floor":14,"turns":2},{"damage":11,"enemies":"Hexaghost","floor":16,"turns":7},{"damage":7,"enemies":"Chosen","floor":18,"turns":4},{"damage":16,"enemies":"Spheric Guardian","floor":19,"turns":4},{"damage":14,"enemies":"Slavers","floor":23,"turns":4},{"damage":6,"enemies":"Book of Stabbing","floor":25,"turns":4},{"damage":0,"enemies":"Centurion and Healer","floor":28,"turns":4},{"damage":0,"enemies":"Slavers","floor":30,"turns":7},{"damage":1,"enemies":"Colosseum Slavers","floor":31,"turns":6},{"damage":0,"enemies":"Colosseum Nobs","floor":31,"turns":3},{"damage":4,"enemies":"Champ","floor":33,"turns":11},{"damage":0,"enemies":"3 Darklings","floor":35,"turns":5},{"damage":1,"enemies":"Orb Walker","floor":38,"turns":2},{"damage":39,"enemies":"Sphere and 2 Shapes","floor":39,"turns":7},{"damage":21,"enemies":"Nemesis","floor":40,"turns":7},{"damage":15,"enemies":"Jaw Worm Horde","floor":44,"turns":3},{"damage":20,"enemies":"Reptomancer","floor":48,"turns":4},{"damage":44,"enemies":"Awakened One","floor":50,"turns":9}],"seed_played":"-7075549939648201135","potions_obtained":[{"floor":2,"key":"Dexterity Potion"},{"floor":7,"key":"Ancient Potion"},{"floor":10,"key":"SmokeBomb"},{"floor":19,"key":"Regen Potion"},{"floor":28,"key":"AttackPotion"},{"floor":44,"key":"FearPotion"}],"is_trial":false,"path_per_floor":["M","M","?","?","M","R","E","R","T","M","$","E","M","M","R","B",null,"M","M","$","?","?","E","$","E","T","?","M","T","E","?","R","B",null,"M","?","?","M","M","E","$","?","T","M","R","?","T","E","R","B"],"character_chosen":"IRONCLAD","items_purchased":["True Grit","Strength Potion","Battle Trance","Potion Belt","Oddly Smooth Stone","Anchor"],"campfire_rested":1,"item_purchase_floors":[11,11,24,41,41,41],"current_hp_per_floor":[65,65,65,54,58,58,29,29,29,31,31,31,26,32,32,27,63,62,52,52,52,52,56,56,56,56,56,62,62,68,75,75,75,75,75,75,65,72,41,28,28,28,28,21,43,43,43,31,31,0],"gold":34,"neow_bonus":"RANDOM_COMMON_RELIC","is_prod":false,"is_daily":false,"chose_seed":false,"campfire_upgraded":3,"win_rate":0,"timestamp":1551220626,"path_taken":["M","M","?","?","M","R","E","R","T","M","$","E","?","M","R","BOSS","M","M","$","?","?","E","$","E","T","?","M","?","E","?","R","BOSS","M","?","?","M","M","E","$","?","T","M","R","?","?","E","R","BOSS"],"build_version":"2019-02-06","purchased_purges":2,"victory":false,"max_hp_per_floor":[75,75,75,75,75,75,75,75,75,75,75,75,75,75,75,75,75,75,75,75,75,75,75,75,75,75,75,75,75,75,75,75,75,75,75,75,75,75,75,75,75,75,75,75,75,75,75,75,75,75],"card_choices":[{"not_picked":["True Grit","Cleave"],"picked":"Sword Boomerang","floor":1},{"not_picked":["Cleave","Shrug It Off"],"picked":"Carnage","floor":2},{"not_picked":["Power Through","Rage"],"picked":"Uppercut","floor":5},{"not_picked":["Seeing Red","Reckless Charge","Sever Soul"],"picked":"SKIP","floor":7},{"not_picked":["Heavy Blade","Pommel Strike"],"picked":"Limit Break","floor":10},{"not_picked":["Rage","Warcry"],"picked":"Anger","floor":12},{"not_picked":["Thunderclap","Shrug It Off"],"picked":"Flame Barrier","floor":13},{"not_picked":["Body Slam","Entrench","Sword Boomerang"],"picked":"SKIP","floor":14},{"not_picked":["Brutality","Exhume"],"picked":"Demon Form","floor":16},{"not_picked":["Pommel Strike","Armaments"],"picked":"Metallicize","floor":18},{"not_picked":["Heavy Blade","Headbutt"],"picked":"Shrug It Off+1","floor":19},{"not_picked":["Sword Boomerang","Anger"],"picked":"Disarm","floor":23},{"not_picked":["Flex","Battle Trance"],"picked":"Impervious","floor":25},{"not_picked":["Havoc","Rupture","Flex"],"picked":"SKIP","floor":28},{"not_picked":["Cleave","Dropkick","Thunderclap"],"picked":"SKIP","floor":30},{"not_picked":["Cleave","Dropkick","Thunderclap"],"picked":"SKIP","floor":30},{"not_picked":["Clothesline","Thunderclap"],"picked":"Burning Pact","floor":31},{"not_picked":["Fiend Fire","Demon Form"],"picked":"Exhume","floor":33},{"not_picked":["Carnage","Iron Wave"],"picked":"Disarm","floor":35},{"not_picked":["Swift Strike","Secret Technique"],"picked":"Master of Strategy","floor":37},{"not_picked":["Forethought","Impatience"],"picked":"Finesse","floor":37},{"not_picked":["Secret Technique","Enlightenment"],"picked":"Blind","floor":37},{"not_picked":["Headbutt","Armaments"],"picked":"Corruption","floor":38},{"not_picked":["Clothesline","Battle Trance+1"],"picked":"Spot Weakness","floor":39},{"not_picked":["Combust+1","Headbutt+1"],"picked":"Inflame+1","floor":40},{"not_picked":["Second Wind","Hemokinesis+1"],"picked":"Headbutt","floor":44},{"not_picked":["Twin Strike","Body Slam"],"picked":"Clothesline","floor":48}],"player_experience":4943980,"relics_obtained":[{"floor":7,"key":"Pen Nib"},{"floor":9,"key":"Self Forming Clay"},{"floor":12,"key":"Happy Flower"},{"floor":23,"key":"Mummified Hand"},{"floor":25,"key":"Juzu Bracelet"},{"floor":26,"key":"Letter Opener"},{"floor":30,"key":"Blood Vial"},{"floor":31,"key":"Peace Pipe"},{"floor":31,"key":"The Courier"},{"floor":40,"key":"Bottled Lightning"},{"floor":48,"key":"Bottled Flame"}],"event_choices":[{"cards_removed":["Strike_R"],"damage_healed":0,"gold_gain":0,"player_choice":"Card Removal","damage_taken":0,"max_hp_gain":0,"max_hp_loss":0,"event_name":"The Cleric","floor":3,"gold_loss":75},{"damage_healed":0,"gold_gain":75,"player_choice":"Gather Gold","damage_taken":11,"max_hp_gain":0,"max_hp_loss":0,"event_name":"World of Goop","floor":4,"gold_loss":0},{"damage_healed":0,"gold_gain":0,"player_choice":"Simplicity","damage_taken":0,"max_hp_gain":0,"max_hp_loss":0,"event_name":"Back to Basics","floor":21,"gold_loss":0,"cards_upgraded":["Strike_R","Strike_R","Defend_R","Defend_R","Defend_R","Defend_R"]},{"cards_removed":["Strike_R"],"damage_healed":0,"gold_gain":0,"player_choice":"Offered Basic","damage_taken":0,"max_hp_gain":0,"max_hp_loss":0,"event_name":"Bonfire Elementals","floor":22,"gold_loss":0},{"cards_removed":["Strike_R"],"damage_healed":0,"gold_gain":0,"player_choice":"Purged","damage_taken":0,"max_hp_gain":0,"max_hp_loss":0,"event_name":"Purifier","floor":27,"gold_loss":0},{"damage_healed":0,"gold_gain":0,"player_choice":"Fight","damage_taken":0,"max_hp_gain":0,"max_hp_loss":0,"event_name":"Colosseum","floor":31,"gold_loss":0},{"damage_healed":0,"gold_gain":0,"player_choice":"Fought Nobs","damage_taken":0,"max_hp_gain":0,"max_hp_loss":0,"event_name":"Colosseum","floor":31,"gold_loss":0},{"damage_healed":0,"gold_gain":0,"player_choice":"Upgraded","damage_taken":0,"max_hp_gain":0,"max_hp_loss":0,"event_name":"Upgrade Shrine","floor":36,"gold_loss":0,"cards_upgraded":["Demon Form"]},{"damage_healed":0,"gold_gain":0,"player_choice":"Memory 3","damage_taken":10,"max_hp_gain":0,"max_hp_loss":0,"event_name":"SensoryStone","floor":37,"gold_loss":0},{"damage_healed":0,"gold_gain":0,"cards_transformed":["True Grit"],"player_choice":"Transformed","damage_taken":0,"max_hp_gain":0,"max_hp_loss":0,"event_name":"Transmorgrifier","floor":42,"gold_loss":0,"cards_obtained":["Flex"]},{"damage_healed":0,"gold_gain":0,"player_choice":"Paid","damage_taken":0,"relics_obtained":["Red Mask"],"max_hp_gain":0,"max_hp_loss":0,"event_name":"Tomb of Lord Red Mask","floor":46,"gold_loss":43}],"is_beta":true,"boss_relics":[{"not_picked":["Busted Crown","Astrolabe"],"picked":"Fusion Hammer"},{"not_picked":["Philosopher\u0027s Stone","Tiny House"],"picked":"Cursed Key"}],"items_purged_floors":[11,20],"is_endless":false,"potions_floor_spawned":[2,7,10,14,19,28,31,33,35,44],"killed_by":"Awakened One","ascension_level":20}