{"gold_per_floor":[118,118,131,155,178,178,213,234,234,234,265,319,360,381,381,477,477,490,16,35,59,59,59,59],"floor_reached":24,"playtime":1588,"items_purged":["Strike_B"],"score":536,"play_id":"ad232ef0-fbdc-451d-942b-e21bd87ef3f5","local_time":"20190307114016","is_ascension_mode":true,"campfire_choices":[{"data":"Zap","floor":6,"key":"SMITH"},{"floor":10,"key":"REST"},{"data":"Coolheaded","floor":15,"key":"SMITH"},{"floor":23,"key":"REST"}],"neow_cost":"TEN_PERCENT_HP_LOSS","seed_source_timestamp":72466125455622,"circlet_count":0,"master_deck":["AscendersBane","Strike_B","Strike_B","Strike_B","Defend_B","Defend_B","Defend_B","Defend_B","Zap+1","Dualcast","Ball Lightning","Self Repair","Coolheaded+1","Auto Shields","Gash","Doom and Gloom","Chill","Echo Form","Genetic Algorithm","Genetic Algorithm"],"relics":["Cracked Core","StoneCalendar","Golden Idol","Blood Vial","Calipers","Ginger","Incense Burner","Cursed Key","Lantern","ClockworkSouvenir"],"potions_floor_usage":[5,11,13],"damage_taken":[{"damage":16,"enemies":"Small Slimes","floor":1,"turns":3},{"damage":7,"enemies":"Jaw Worm","floor":3,"turns":3},{"damage":1,"enemies":"Cultist","floor":4,"turns":4},{"damage":21,"enemies":"Exordium Thugs","floor":5,"turns":5},{"damage":16,"enemies":"Lagavulin","floor":7,"turns":7},{"damage":18,"enemies":"Lots of Slimes","floor":8,"turns":5},{"damage":25,"enemies":"Gremlin Nob","floor":11,"turns":4},{"damage":10,"enemies":"Lagavulin","floor":13,"turns":7},{"damage":11,"enemies":"Exordium Wildlife","floor":14,"turns":3},{"damage":0,"enemies":"Slime Boss","floor":16,"turns":5},{"damage":19,"enemies":"Shell Parasite","floor":18,"turns":6},{"damage":12,"enemies":"Spheric Guardian","floor":20,"turns":7},{"damage":31,"enemies":"Snake Plant","floor":21,"turns":6},{"damage":56,"enemies":"Book of Stabbing","floor":24,"turns":5}],"seed_played":"-2341647045123722264","potions_obtained":[{"floor":3,"key":"Energy Potion"},{"floor":5,"key":"FocusPotion"},{"floor":8,"key":"Energy Potion"},{"floor":11,"key":"Explosive Potion"}],"is_trial":false,"path_per_floor":["M","?","M","M","M","R","E","M","T","R","E","?","E","M","R","B",null,"M","$","M","M","?","R","E"],"character_chosen":"DEFECT","items_purchased":["Lantern","ClockworkSouvenir"],"campfire_rested":2,"item_purchase_floors":[19,19],"current_hp_per_floor":[48,48,41,47,33,33,24,15,15,32,16,16,15,13,13,22,49,46,46,50,35,35,52,0],"gold":59,"neow_bonus":"ONE_RARE_RELIC","is_prod":false,"is_daily":false,"chose_seed":false,"campfire_upgraded":2,"win_rate":0,"timestamp":1551987616,"path_taken":["M","?","M","M","M","R","E","M","T","R","E","?","E","M","R","BOSS","M","$","M","M","?","R","E"],"build_version":"2019-02-06","purchased_purges":1,"victory":false,"max_hp_per_floor":[64,58,58,58,58,58,58,58,58,58,58,58,58,58,58,58,58,58,58,58,58,58,58,58],"card_choices":[{"not_picked":["Conserve Battery","Genetic Algorithm"],"picked":"Ball Lightning","floor":1},{"not_picked":["Turbo","Melter"],"picked":"Self Repair","floor":3},{"not_picked":["Consume","Beam Cell"],"picked":"Coolheaded","floor":4},{"not_picked":["Redo","Gash"],"picked":"Auto Shields","floor":5},{"not_picked":["Sunder","Hello World"],"picked":"Gash","floor":7},{"not_picked":["Storm","Rebound","Blizzard"],"picked":"SKIP","floor":8},{"not_picked":["Leap","Fission"],"picked":"Doom and Gloom","floor":11},{"not_picked":["Streamline","Ball Lightning","Cold Snap"],"picked":"SKIP","floor":13},{"not_picked":["Ball Lightning","Sweeping Beam"],"picked":"Chill","floor":14},{"not_picked":["Reboot","Hyperbeam"],"picked":"Echo Form","floor":16},{"not_picked":["Double Energy","Skim"],"picked":"Genetic Algorithm","floor":18},{"not_picked":["Rebound+1","Beam Cell"],"picked":"Genetic Algorithm","floor":20},{"not_picked":["Cold Snap","Recycle","Storm"],"picked":"SKIP","floor":21},{"not_picked":["Cold Snap","Recycle","Storm"],"picked":"SKIP","floor":21}],"player_experience":5068104,"relics_obtained":[{"floor":7,"key":"Blood Vial"},{"floor":9,"key":"Calipers"},{"floor":11,"key":"Ginger"},{"floor":13,"key":"Incense Burner"}],"event_choices":[{"damage_healed":0,"gold_gain":0,"player_choice":"Lose Max HP","damage_taken":0,"relics_obtained":["Golden Idol"],"max_hp_gain":0,"max_hp_loss":6,"event_name":"Golden Idol","floor":2,"gold_loss":0},{"damage_healed":0,"gold_gain":54,"player_choice":"Gained Gold","damage_taken":0,"max_hp_gain":0,"max_hp_loss":0,"event_name":"Golden Wing","floor":12,"gold_loss":0}],"is_beta":true,"boss_relics":[{"not_picked":["Ectoplasm","Runic Dome"],"picked":"Cursed Key"}],"items_purged_floors":[19],"is_endless":false,"potions_floor_spawned":[3,5,8,11],"killed_by":"Book of Stabbing","ascension_level":20}