{"gold_per_floor":[214,214,226,226,245,245,270,270,270,270,281,39,65,65,65,138,138,151,107,118,131,31,62,62,62,62,62,97,97,123,142,142,220,270,283,299,81,81,81,107,107,142,142,142,242,296,296,321,321,321,321,321,321,80,114,114],"floor_reached":57,"playtime":5096,"items_purged":["Strike_B","Strike_B"],"score":2950,"play_id":"d9f4356b-632d-417f-a20b-65a475ff8214","local_time":"20190305162149","is_ascension_mode":true,"campfire_choices":[{"data":"Go for the Eyes","floor":6,"key":"SMITH"},{"data":"Leap","floor":8,"key":"SMITH"},{"floor":10,"key":"REST"},{"data":"Coolheaded","floor":15,"key":"SMITH"},{"data":"Skim","floor":24,"key":"SMITH"},{"data":"Hyperbeam","floor":27,"key":"SMITH"},{"data":"Heatsinks","floor":29,"key":"SMITH"},{"data":"Blizzard","floor":32,"key":"SMITH"},{"data":"Hologram","floor":41,"key":"SMITH"},{"data":"Hologram","floor":44,"key":"SMITH"},{"floor":47,"key":"RECALL"},{"data":"Hologram","floor":49,"key":"SMITH"},{"data":"Glacier","floor":53,"key":"SMITH"}],"neow_cost":"NONE","seed_source_timestamp":19884063571322,"circlet_count":0,"master_deck":["AscendersBane","Defend_B","Defend_B","Defend_B","Defend_B+1","Zap+1","Dualcast","Compile Driver","Go for the Eyes+1","Ball Lightning","Leap+1","Coolheaded+1","Hologram+1","Hyperbeam+1","Skim+1","Self Repair","Echo Form","Chill","Heatsinks+1","Self Repair","Glacier+1","Gash","Blizzard+1","Core Surge","Hologram+1","Echo Form","Echo Form","Doom and Gloom+1","Defragment+1","Hologram+1","Loop","Creative AI"],"relics":["Cracked Core","Ice Cream","Meat on the Bone","Ornamental Fan","Art of War","Emotion Chip","Letter Opener","Cursed Key","Juzu Bracelet","Blue Candle","Mummified Hand","Tiny House","DollysMirror","Omamori","Ancient Tea Set","Gambling Chip","Dead Branch","Shuriken","Lantern","Pantograph"],"potions_floor_usage":[13,23,28,35,56,56],"damage_taken":[{"damage":4,"enemies":"Small Slimes","floor":1,"turns":3},{"damage":0,"enemies":"2 Louse","floor":3,"turns":2},{"damage":7,"enemies":"Jaw Worm","floor":5,"turns":3},{"damage":20,"enemies":"Lagavulin","floor":7,"turns":6},{"damage":3,"enemies":"Lots of Slimes","floor":11,"turns":3},{"damage":16,"enemies":"Gremlin Nob","floor":13,"turns":5},{"damage":18,"enemies":"Hexaghost","floor":16,"turns":10},{"damage":16,"enemies":"Chosen","floor":18,"turns":6},{"damage":1,"enemies":"Shell Parasite","floor":20,"turns":5},{"damage":4,"enemies":"Centurion and Healer","floor":21,"turns":6},{"damage":19,"enemies":"Book of Stabbing","floor":23,"turns":5},{"damage":0,"enemies":"Gremlin Leader","floor":28,"turns":5},{"damage":34,"enemies":"Book of Stabbing","floor":30,"turns":6},{"damage":0,"enemies":"3 Cultists","floor":31,"turns":3},{"damage":0,"enemies":"Collector","floor":33,"turns":8},{"damage":6,"enemies":"Orb Walker","floor":35,"turns":4},{"damage":27,"enemies":"3 Shapes","floor":36,"turns":11},{"damage":0,"enemies":"Nemesis","floor":40,"turns":7},{"damage":13,"enemies":"Reptomancer","floor":42,"turns":5},{"damage":0,"enemies":"Mind Bloom Boss Battle","floor":45,"turns":5},{"damage":36,"enemies":"2 Orb Walkers","floor":46,"turns":3},{"damage":0,"enemies":"Giant Head","floor":48,"turns":7},{"damage":32,"enemies":"Time Eater","floor":50,"turns":14},{"damage":25,"enemies":"Donu and Deca","floor":51,"turns":20},{"damage":41,"enemies":"Shield and Spear","floor":55,"turns":11},{"damage":25,"enemies":"The Heart","floor":56,"turns":10}],"seed_played":"4153160241063618753","potions_obtained":[{"floor":5,"key":"Swift Potion"},{"floor":16,"key":"Block Potion"},{"floor":20,"key":"FocusPotion"},{"floor":23,"key":"Energy Potion"},{"floor":31,"key":"SpeedPotion"},{"floor":34,"key":"Fruit Juice"},{"floor":35,"key":"AttackPotion"},{"floor":42,"key":"Swift Potion"},{"floor":46,"key":"PowerPotion"}],"is_trial":false,"path_per_floor":["M","?","M","?","M","R","E","R","T","R","M","$","E","T","R","B",null,"M","$","M","M","$","E","R","?","T","R","E","R","E","M","R","B",null,"M","M","$","?","?","E","R","E","T","R","?","?","R","E","R","B","B",null,"R","$","E","B",null],"character_chosen":"DEFECT","items_purchased":["Art of War","Self Repair","DollysMirror","Loop","Lantern"],"campfire_rested":1,"item_purchase_floors":[12,19,37,54,54],"current_hp_per_floor":[60,60,60,49,42,42,22,22,22,43,40,40,36,36,36,30,61,45,45,51,54,54,54,54,54,54,54,68,68,60,67,67,71,76,81,81,81,71,71,77,77,77,77,77,77,41,41,69,69,77,77,77,77,77,76,77],"gold":114,"neow_bonus":"HUNDRED_GOLD","is_prod":false,"is_daily":false,"chose_seed":false,"campfire_upgraded":11,"win_rate":0,"timestamp":1551831709,"path_taken":["M","?","M","?","M","R","E","R","T","R","M","$","E","?","R","BOSS","M","?","M","M","$","E","R","?","T","R","E","R","E","M","R","BOSS","M","M","$","?","?","E","R","E","T","R","?","?","R","E","R","BOSS","BOSS","R","$","E","BOSS"],"build_version":"2019-02-06","purchased_purges":2,"victory":true,"max_hp_per_floor":[71,71,71,71,71,71,71,71,71,71,71,71,71,71,71,71,71,71,71,71,71,71,71,71,71,71,71,71,71,71,71,71,71,76,81,81,81,81,77,77,77,77,77,77,77,77,77,77,77,77,77,77,77,77,77,77],"card_choices":[{"not_picked":["Streamline","Barrage"],"picked":"Compile Driver","floor":1},{"not_picked":["Rebound","Force Field"],"picked":"Go for the Eyes","floor":3},{"not_picked":["Reprogram","Melter"],"picked":"Ball Lightning","floor":5},{"not_picked":["Hello World","Steam"],"picked":"Leap","floor":7},{"not_picked":["Gash","Chaos"],"picked":"Coolheaded","floor":11},{"not_picked":["All For One","Streamline"],"picked":"Hologram","floor":13},{"not_picked":["Fission","Reboot"],"picked":"Hyperbeam","floor":16},{"not_picked":["Cold Snap","Melter"],"picked":"Skim","floor":18},{"not_picked":["Stack","Rip and Tear","Redo"],"picked":"SKIP","floor":20},{"not_picked":["Beam Cell","Streamline"],"picked":"Echo Form","floor":21},{"not_picked":["Steam Power","Redo"],"picked":"Chill","floor":23},{"not_picked":["Scrape","Reprogram"],"picked":"Glacier","floor":28},{"not_picked":["Force Field","Skim"],"picked":"Gash","floor":30},{"not_picked":["Compile Driver+1","Sweeping Beam+1"],"picked":"Blizzard","floor":31},{"not_picked":["Thunder Strike","Multi-Cast"],"picked":"Core Surge","floor":33},{"not_picked":["Go for the Eyes","Leap"],"picked":"Hologram","floor":35},{"not_picked":["Redo","Sweeping Beam","Ball Lightning+1"],"picked":"SKIP","floor":36},{"not_picked":["Stack","Fusion"],"picked":"Echo Form","floor":40},{"not_picked":["Go for the Eyes","Barrage","Compile Driver"],"picked":"SKIP","floor":42},{"not_picked":["Scrape+1","Compile Driver"],"picked":"Doom and Gloom+1","floor":45},{"not_picked":["Rebound","Go for the Eyes"],"picked":"Defragment+1","floor":46},{"not_picked":["Conserve Battery","FTL"],"picked":"Hologram","floor":48},{"not_picked":["Glacier","Turbo+1"],"picked":"Creative AI","floor":55}],"player_experience":5049229,"relics_obtained":[{"floor":7,"key":"Meat on the Bone"},{"floor":9,"key":"Ornamental Fan"},{"floor":13,"key":"Emotion Chip"},{"floor":14,"key":"Letter Opener"},{"floor":23,"key":"Juzu Bracelet"},{"floor":28,"key":"Blue Candle"},{"floor":30,"key":"Mummified Hand"},{"floor":40,"key":"Omamori"},{"floor":42,"key":"Ancient Tea Set"},{"floor":45,"key":"Gambling Chip"},{"floor":46,"key":"Dead Branch"},{"floor":48,"key":"Shuriken"},{"floor":55,"key":"Pantograph"}],"event_choices":[{"damage_healed":0,"gold_gain":0,"player_choice":"Grow","damage_taken":0,"max_hp_gain":0,"max_hp_loss":0,"event_name":"Living Wall","floor":2,"gold_loss":0,"cards_upgraded":["Zap"]},{"damage_healed":0,"gold_gain":0,"player_choice":"Success","damage_taken":11,"relics_obtained":["Ice Cream"],"max_hp_gain":0,"max_hp_loss":0,"event_name":"Scrap Ooze","floor":4,"gold_loss":0},{"damage_healed":0,"gold_gain":0,"cards_transformed":["Strike_B","Strike_B"],"player_choice":"Became Test Subject","damage_taken":0,"max_hp_gain":0,"max_hp_loss":0,"event_name":"Drug Dealer","floor":25,"gold_loss":0,"cards_obtained":["Heatsinks","Self Repair"]},{"damage_healed":0,"gold_gain":0,"player_choice":"Memory 3","damage_taken":10,"max_hp_gain":0,"max_hp_loss":0,"event_name":"SensoryStone","floor":38,"gold_loss":0},{"damage_healed":0,"gold_gain":0,"player_choice":"Max HP","damage_taken":0,"max_hp_gain":0,"max_hp_loss":4,"event_name":"Winding Halls","floor":39,"gold_loss":0},{"damage_healed":0,"gold_gain":0,"player_choice":"Fight","damage_taken":0,"max_hp_gain":0,"max_hp_loss":0,"event_name":"MindBloom","floor":45,"gold_loss":0},{"damage_healed":0,"gold_gain":0,"player_choice":"Fight","damage_taken":0,"max_hp_gain":0,"max_hp_loss":0,"event_name":"Mysterious Sphere","floor":46,"gold_loss":0}],"is_beta":true,"boss_relics":[{"not_picked":["Busted Crown","Empty Cage"],"picked":"Cursed Key"},{"not_picked":["Eternal Feather","Philosopher\u0027s Stone"],"picked":"Tiny House"}],"items_purged_floors":[12,22],"is_endless":false,"potions_floor_spawned":[5,16,20,21,23,31,33,35,36,42,46],"ascension_level":20}