{"gold_per_floor":[117,127,12,12,12,12,25,25,75,91,91,121,121,134,134,212,212,226,226,226,0,0,0,34,34,34,67,67,79,4,32,32,32],"floor_reached":33,"playtime":2447,"items_purged":["Shame"],"score":623,"play_id":"fc456afd-a9a2-43a7-b8d5-25290af39094","local_time":"20190226151941","is_ascension_mode":true,"campfire_choices":[{"data":"Poisoned Stab","floor":6,"key":"SMITH"},{"data":"Neutralize","floor":8,"key":"SMITH"},{"data":"Skewer","floor":11,"key":"SMITH"},{"floor":15,"key":"REST"},{"data":"Tactician","floor":23,"key":"SMITH"},{"data":"Caltrops","floor":25,"key":"SMITH"},{"floor":28,"key":"REST"},{"floor":32,"key":"REST"}],"neow_cost":"NONE","seed_source_timestamp":5061097499071,"circlet_count":0,"master_deck":["AscendersBane","Defend_G","Defend_G","Defend_G","Defend_G","Defend_G","Survivor","Neutralize+1","Leg Sweep","Escape Plan","Poisoned Stab+1","Well Laid Plans","Skewer+1","Dagger Throw","Endless Agony","Cloak And Dagger","Deflect","Bite","Bite","Bite","Bite","Bite","Tactician+1","Caltrops+1","Backflip","Crippling Poison","Backflip","Noxious Fumes","Catalyst+1"],"relics":["Ring of the Snake","Dream Catcher","Matryoshka","Smiling Mask","Runic Pyramid","Singing Bowl","Regal Pillow","PreservedInsect","Dodecahedron","Meat on the Bone"],"potions_floor_usage":[12,16,24,31],"damage_taken":[{"damage":8,"enemies":"Small Slimes","floor":1,"turns":6},{"damage":11,"enemies":"Jaw Worm","floor":2,"turns":6},{"damage":0,"enemies":"2 Louse","floor":7,"turns":4},{"damage":1,"enemies":"2 Fungi Beasts","floor":10,"turns":4},{"damage":16,"enemies":"Lagavulin","floor":12,"turns":5},{"damage":0,"enemies":"Looter","floor":14,"turns":4},{"damage":28,"enemies":"Slime Boss","floor":16,"turns":10},{"damage":3,"enemies":"Shell Parasite","floor":18,"turns":9},{"damage":18,"enemies":"Gremlin Leader","floor":24,"turns":7},{"damage":21,"enemies":"Book of Stabbing","floor":27,"turns":5},{"damage":0,"enemies":"3 Byrds","floor":29,"turns":3},{"damage":27,"enemies":"Slavers","floor":31,"turns":5},{"damage":74,"enemies":"Automaton","floor":33,"turns":6}],"seed_played":"-83215363719921846","potions_obtained":[{"floor":1,"key":"Poison Potion"},{"floor":10,"key":"AttackPotion"},{"floor":24,"key":"SpeedPotion"}],"is_trial":false,"path_per_floor":["M","M","$","?","?","R","M","R","T","M","R","E","?","M","R","B",null,"M","?","?","$","?","R","E","R","T","E","R","M","$","E","R","B"],"character_chosen":"THE_SILENT","items_purchased":["Poisoned Stab","AttackPotion","Tactician","Caltrops","SkillPotion","Noxious Fumes"],"campfire_rested":3,"item_purchase_floors":[3,3,21,21,21,30],"current_hp_per_floor":[57,46,46,46,51,51,51,51,51,50,50,34,8,8,31,3,59,56,53,53,53,39,39,39,39,39,28,60,60,60,41,62,0],"gold":32,"neow_bonus":"TEN_PERCENT_HP_BONUS","is_prod":false,"is_daily":false,"chose_seed":false,"campfire_upgraded":5,"win_rate":0,"timestamp":1551223181,"path_taken":["M","M","$","?","?","R","M","R","T","M","R","E","?","M","R","BOSS","M","?","?","$","?","R","E","R","T","E","R","M","$","E","R","BOSS"],"build_version":"2019-02-06","purchased_purges":1,"victory":false,"max_hp_per_floor":[72,72,72,72,77,77,77,77,77,77,77,77,77,77,77,77,77,77,53,53,53,58,58,60,60,60,60,60,60,60,62,62,62],"card_choices":[{"not_picked":["Crippling Poison","Backstab"],"picked":"Leg Sweep","floor":1},{"not_picked":["Endless Agony","Sucker Punch"],"picked":"Escape Plan","floor":2},{"not_picked":["Outmaneuver","Acrobatics"],"picked":"Well Laid Plans","floor":7},{"not_picked":["Dagger Throw","Acrobatics"],"picked":"Skewer","floor":10},{"not_picked":["Eviscerate","Finisher"],"picked":"Dagger Throw","floor":12},{"not_picked":["Blur","Distraction"],"picked":"Endless Agony","floor":14},{"not_picked":["Dagger Throw","All Out Attack"],"picked":"Cloak And Dagger","floor":15},{"not_picked":["Flying Knee","Prepared"],"picked":"Deflect","floor":18},{"not_picked":["Bullet Time","Flying Knee","Storm of Steel"],"picked":"Singing Bowl","floor":24},{"not_picked":["Poisoned Stab","Dagger Throw"],"picked":"Backflip","floor":27},{"not_picked":["Infinite Blades","Expertise"],"picked":"Crippling Poison","floor":28},{"not_picked":["Prepared","Underhanded Strike+1"],"picked":"Backflip","floor":29},{"not_picked":["Bane","Expertise","Bouncing Flask"],"picked":"Singing Bowl","floor":31},{"not_picked":["Dodge and Roll","Slice"],"picked":"Catalyst+1","floor":32}],"player_experience":4948441,"relics_obtained":[{"floor":9,"key":"Dream Catcher"},{"floor":12,"key":"Matryoshka"},{"floor":24,"key":"Regal Pillow"},{"floor":26,"key":"PreservedInsect"},{"floor":27,"key":"Dodecahedron"},{"floor":31,"key":"Meat on the Bone"}],"event_choices":[{"damage_healed":0,"gold_gain":0,"player_choice":"Leave","damage_taken":0,"max_hp_gain":0,"max_hp_loss":0,"event_name":"The Cleric","floor":4,"gold_loss":0},{"damage_healed":0,"gold_gain":0,"player_choice":"Donut","damage_taken":0,"max_hp_gain":5,"max_hp_loss":0,"event_name":"Big Fish","floor":5,"gold_loss":0},{"damage_healed":0,"gold_gain":0,"player_choice":"Success","damage_taken":26,"relics_obtained":["Smiling Mask"],"max_hp_gain":0,"max_hp_loss":0,"event_name":"Scrap Ooze","floor":13,"gold_loss":0},{"damage_healed":0,"gold_gain":0,"player_choice":"Became a vampire","damage_taken":0,"max_hp_gain":0,"max_hp_loss":24,"event_name":"Vampires","floor":19,"gold_loss":0,"cards_obtained":["Bite","Bite","Bite","Bite","Bite"]},{"damage_healed":0,"gold_gain":0,"player_choice":"Stole Relic","damage_taken":0,"relics_obtained":["Singing Bowl"],"max_hp_gain":0,"max_hp_loss":0,"event_name":"Addict","floor":20,"gold_loss":0,"cards_obtained":["Shame"]},{"damage_healed":0,"gold_gain":0,"player_choice":"Shed Blood","damage_taken":19,"max_hp_gain":5,"max_hp_loss":0,"event_name":"Forgotten Altar","floor":22,"gold_loss":0}],"is_beta":true,"boss_relics":[{"not_picked":["Eternal Feather","WristBlade"],"picked":"Runic Pyramid"}],"items_purged_floors":[21],"is_endless":false,"potions_floor_spawned":[1,10,24],"killed_by":"Automaton","ascension_level":20}