{"gold_per_floor":[109,184,184,14,14,14,46,46,96,112,152,152,22,65,65,156,156,172,172,155,174,197,197,233,258,285,310,310,310,310,330,330,425,425,439,3,69,69,83,83,33,33,59,103,103,117,0,35,35,35,35,35,35,35,68,68],"floor_reached":56,"playtime":4461,"items_purged":["Strike_G","Strike_G","Endless Agony+1","Dash"],"score":2049,"play_id":"5f12a920-1ec3-4b8c-b640-fc41921bcc17","local_time":"20190307142107","is_ascension_mode":true,"campfire_choices":[{"data":"Poisoned Stab","floor":6,"key":"SMITH"},{"floor":12,"key":"REST"},{"data":"Crippling Poison","floor":15,"key":"SMITH"},{"data":"Deadly Poison","floor":23,"key":"SMITH"},{"data":"A Thousand Cuts","floor":28,"key":"SMITH"},{"data":"Footwork","floor":30,"key":"SMITH"},{"data":"Deadly Poison","floor":32,"key":"SMITH"},{"data":"Noxious Fumes","floor":40,"key":"SMITH"},{"data":"Noxious Fumes","floor":42,"key":"SMITH"},{"floor":45,"key":"RECALL"},{"data":"Well Laid Plans","floor":49,"key":"SMITH"},{"data":"Neutralize","floor":53,"key":"SMITH"}],"neow_cost":"NONE","seed_source_timestamp":79246772633857,"circlet_count":0,"master_deck":["AscendersBane","Defend_G+1","Survivor","Neutralize+1","PiercingWail+1","Footwork+1","Poisoned Stab+1","Crippling Poison+1","PiercingWail","Deadly Poison+1","Well Laid Plans+1","A Thousand Cuts+1","Reflex+1","Deflect+1","Deadly Poison+1","PiercingWail+1","Deadly Poison","Prepared","Escape Plan","Adrenaline","Noxious Fumes+1","PiercingWail","Noxious Fumes+1","Footwork+1","Backflip+1","Blur+1","Leg Sweep"],"relics":["Ring of the Snake","NeowsBlessing","Omamori","Smiling Mask","Golden Idol","Orichalcum","War Paint","Incense Burner","Astrolabe","Letter Opener","Anchor","Pantograph","Empty Cage","TwistedFunnel","FossilizedHelix","Oddly Smooth Stone","Du-Vu Doll","Red Mask","Ice Cream"],"potions_floor_usage":[16,21,24,33,51,55],"damage_taken":[{"damage":0,"enemies":"Jaw Worm","floor":1,"turns":1},{"damage":0,"enemies":"3 Sentries","floor":7,"turns":1},{"damage":0,"enemies":"2 Louse","floor":10,"turns":1},{"damage":30,"enemies":"Gremlin Nob","floor":11,"turns":5},{"damage":10,"enemies":"Lagavulin","floor":14,"turns":10},{"damage":0,"enemies":"The Guardian","floor":16,"turns":11},{"damage":3,"enemies":"Shell Parasite","floor":18,"turns":6},{"damage":0,"enemies":"2 Thieves","floor":20,"turns":4},{"damage":6,"enemies":"Snecko","floor":21,"turns":7},{"damage":1,"enemies":"Cultist and Chosen","floor":22,"turns":6},{"damage":16,"enemies":"Slavers","floor":24,"turns":7},{"damage":0,"enemies":"3 Cultists","floor":25,"turns":5},{"damage":0,"enemies":"Centurion and Healer","floor":31,"turns":7},{"damage":47,"enemies":"Collector","floor":33,"turns":9},{"damage":0,"enemies":"3 Shapes","floor":35,"turns":7},{"damage":18,"enemies":"2 Orb Walkers","floor":37,"turns":5},{"damage":7,"enemies":"3 Darklings","floor":39,"turns":5},{"damage":6,"enemies":"Nemesis","floor":44,"turns":7},{"damage":5,"enemies":"Jaw Worm Horde","floor":46,"turns":4},{"damage":1,"enemies":"Giant Head","floor":48,"turns":9},{"damage":9,"enemies":"Awakened One","floor":50,"turns":18},{"damage":43,"enemies":"Time Eater","floor":51,"turns":14},{"damage":0,"enemies":"Shield and Spear","floor":55,"turns":7},{"damage":67,"enemies":"The Heart","floor":56,"turns":5}],"seed_played":"-5967275163203252251","potions_obtained":[{"floor":7,"key":"GhostInAJar"},{"floor":14,"key":"Poison Potion"},{"floor":16,"key":"GamblersBrew"},{"floor":21,"key":"SpeedPotion"},{"floor":22,"key":"Swift Potion"},{"floor":33,"key":"GhostInAJar"}],"is_trial":false,"path_per_floor":["M","?","?","$","?","R","E","?","T","M","E","R","$","E","R","B",null,"M","?","M","M","M","R","E","M","T","T","R","?","R","M","R","B",null,"M","$","?","?","M","R","$","R","T","E","R","M","?","E","R","B","B",null,"R","$","E","B"],"character_chosen":"THE_SILENT","items_purchased":["Footwork","Poisoned Stab","EssenceOfSteel","TwistedFunnel","GhostInAJar","PiercingWail","Noxious Fumes"],"campfire_rested":1,"item_purchase_floors":[4,4,13,36,36,36,36],"current_hp_per_floor":[59,48,41,41,36,36,36,36,36,36,6,25,25,15,15,15,53,50,50,50,44,43,43,27,27,27,27,27,27,27,27,27,5,51,51,51,33,33,26,26,26,26,26,20,20,15,15,14,14,30,12,53,53,53,53,0],"gold":68,"neow_bonus":"THREE_ENEMY_KILL","is_prod":false,"is_daily":false,"chose_seed":false,"campfire_upgraded":10,"win_rate":0,"timestamp":1551997267,"path_taken":["M","?","?","$","?","R","E","?","T","M","E","R","$","E","R","BOSS","M","?","M","M","?","R","E","M","T","?","R","?","R","?","R","BOSS","M","$","?","?","M","R","$","R","T","E","R","?","?","E","R","BOSS","BOSS","R","$","E","BOSS"],"build_version":"2019-02-06","purchased_purges":4,"victory":false,"max_hp_per_floor":[66,66,66,66,66,66,66,66,66,66,66,66,66,66,66,66,66,66,66,66,66,66,66,66,66,66,66,66,66,66,66,66,66,66,66,66,66,66,66,66,66,66,66,66,66,66,66,66,66,66,66,66,66,66,66,66],"card_choices":[{"not_picked":["Deflect","Slice"],"picked":"PiercingWail","floor":1},{"not_picked":["Caltrops","Calculated Gamble"],"picked":"Crippling Poison","floor":7},{"not_picked":["All Out Attack","Predator"],"picked":"PiercingWail","floor":10},{"not_picked":["Riddle With Holes","Blade Dance"],"picked":"Deadly Poison","floor":11},{"not_picked":["Corpse Explosion","Backstab"],"picked":"Well Laid Plans","floor":14},{"not_picked":["Venomology","Bullet Time"],"picked":"A Thousand Cuts","floor":16},{"not_picked":["Cloak And Dagger","Infinite Blades"],"picked":"Deadly Poison","floor":18},{"not_picked":["Cloak And Dagger","Flechettes"],"picked":"Deadly Poison","floor":20},{"not_picked":["Predator","Flechettes","Reflex"],"picked":"SKIP","floor":21},{"not_picked":["Deadly Poison","Poisoned Stab","Prepared"],"picked":"SKIP","floor":22},{"not_picked":["Sucker Punch","Blade Dance"],"picked":"Prepared","floor":24},{"not_picked":["Accuracy","Dagger Throw","Predator+1"],"picked":"SKIP","floor":25},{"not_picked":["Caltrops","Slice+1"],"picked":"Escape Plan","floor":31},{"not_picked":["Tools of the Trade","Grand Finale"],"picked":"Adrenaline","floor":33},{"not_picked":["Flying Knee","Quick Slash"],"picked":"Noxious Fumes","floor":35},{"not_picked":["Dagger Throw","Dash","Flying Knee"],"picked":"SKIP","floor":39},{"not_picked":["Setup","Dagger Spray"],"picked":"Footwork+1","floor":44},{"not_picked":["Masterful Stab","Doppelganger"],"picked":"Backflip+1","floor":46},{"not_picked":["Reflex+1","Crippling Poison"],"picked":"Blur+1","floor":48},{"not_picked":["Deadly Poison","Expertise"],"picked":"Leg Sweep","floor":55}],"player_experience":5074780,"relics_obtained":[{"floor":7,"key":"Smiling Mask"},{"floor":9,"key":"Orichalcum"},{"floor":11,"key":"War Paint"},{"floor":14,"key":"Incense Burner"},{"floor":24,"key":"Letter Opener"},{"floor":26,"key":"Anchor"},{"floor":29,"key":"Pantograph"},{"floor":37,"key":"FossilizedHelix"},{"floor":43,"key":"Oddly Smooth Stone"},{"floor":44,"key":"Du-Vu Doll"},{"floor":55,"key":"Ice Cream"}],"event_choices":[{"damage_healed":0,"gold_gain":75,"player_choice":"Gather Gold","damage_taken":11,"max_hp_gain":0,"max_hp_loss":0,"event_name":"World of Goop","floor":2,"gold_loss":0},{"cards_removed":["Strike_G"],"damage_healed":0,"gold_gain":0,"player_choice":"Card Removal","damage_taken":7,"max_hp_gain":0,"max_hp_loss":0,"event_name":"Golden Wing","floor":3,"gold_loss":0},{"damage_healed":0,"gold_gain":0,"player_choice":"Success","damage_taken":5,"relics_obtained":["Omamori"],"max_hp_gain":0,"max_hp_loss":0,"event_name":"Scrap Ooze","floor":5,"gold_loss":0},{"damage_healed":0,"gold_gain":0,"player_choice":"Take Wound","damage_taken":0,"relics_obtained":["Golden Idol"],"max_hp_gain":0,"max_hp_loss":0,"event_name":"Golden Idol","floor":8,"gold_loss":0,"cards_obtained":["Injury"]},{"damage_healed":0,"gold_gain":0,"player_choice":"Copied","damage_taken":0,"max_hp_gain":0,"max_hp_loss":0,"event_name":"Duplicator","floor":19,"gold_loss":0,"cards_obtained":["PiercingWail"]},{"damage_healed":0,"gold_gain":0,"player_choice":"Relic","damage_taken":0,"max_hp_gain":0,"max_hp_loss":0,"event_name":"Wheel of Change","floor":29,"gold_loss":0},{"damage_healed":0,"gold_gain":0,"player_choice":"Fight","damage_taken":0,"max_hp_gain":0,"max_hp_loss":0,"event_name":"Mysterious Sphere","floor":37,"gold_loss":0},{"damage_healed":0,"gold_gain":0,"cards_transformed":["Defend_G"],"player_choice":"Transformed","damage_taken":0,"max_hp_gain":0,"max_hp_loss":0,"event_name":"Transmorgrifier","floor":38,"gold_loss":0,"cards_obtained":["Dash"]},{"damage_healed":0,"gold_gain":0,"player_choice":"Paid","damage_taken":0,"relics_obtained":["Red Mask"],"max_hp_gain":0,"max_hp_loss":0,"event_name":"Tomb of Lord Red Mask","floor":47,"gold_loss":117}],"is_beta":true,"boss_relics":[{"not_picked":["Orrery","Coffee Dripper"],"picked":"Astrolabe"},{"not_picked":["Snecko Eye","Calling Bell"],"picked":"Empty Cage"}],"items_purged_floors":[4,13,36,41],"is_endless":false,"potions_floor_spawned":[7,14,16,18,21,22,33,37,39],"killed_by":"The Heart","ascension_level":20}