{"gold_per_floor":[112,112,125,125,148,148,188,209,209,233,233,273,298,331,343,450,462,494,524,552,583,610,622,634,664,676,688,700,727,49,65,65,163,163,179,69,85,109,9,9,9],"floor_reached":41,"playtime":3545,"items_purged":["Strike_B","Dualcast"],"score":838,"play_id":"1c24175f-d47f-49ab-9e47-54763011fb61","local_time":"20190302133812","is_ascension_mode":true,"campfire_choices":[{"data":"Sweeping Beam","floor":6,"key":"SMITH"},{"data":"Ball Lightning","floor":11,"key":"SMITH"},{"data":"Static Discharge","floor":15,"key":"SMITH"},{"data":"Consume","floor":23,"key":"SMITH"},{"data":"Electrodynamics","floor":27,"key":"SMITH"},{"data":"Recycle","floor":32,"key":"SMITH"},{"data":"Defragment","floor":40,"key":"SMITH"}],"neow_cost":"NONE","seed_source_timestamp":99495977479846,"circlet_count":0,"master_deck":["AscendersBane","Defend_B","Defend_B","Defend_B","Defend_B","Zap+1","Sweeping Beam+1","Cold Snap","Compile Driver+1","Ball Lightning+1","Genetic Algorithm","Self Repair","Static Discharge+1","Electrodynamics+1","Consume+1","Stack+1","Conserve Battery+1","Compile Driver","Clumsy","Recycle+1","FTL","Doom and Gloom","Compile Driver","Darkness","Creative AI","Defragment+1","Hologram+1","Cold Snap","Coolheaded"],"relics":["Cracked Core","Golden Idol","Meat on the Bone","Symbiotic Virus","Bottled Lightning","MawBank","Cursed Key","ClockworkSouvenir","Du-Vu Doll","Orrery"],"potions_floor_usage":[14,16,33,33,38,38],"damage_taken":[{"damage":3,"enemies":"2 Louse","floor":1,"turns":3},{"damage":5,"enemies":"Jaw Worm","floor":3,"turns":3},{"damage":0,"enemies":"Cultist","floor":5,"turns":3},{"damage":22,"enemies":"3 Sentries","floor":7,"turns":5},{"damage":12,"enemies":"Lots of Slimes","floor":8,"turns":3},{"damage":4,"enemies":"Blue Slaver","floor":10,"turns":3},{"damage":13,"enemies":"Lagavulin","floor":12,"turns":5},{"damage":9,"enemies":"Looter","floor":13,"turns":3},{"damage":25,"enemies":"Gremlin Nob","floor":14,"turns":4},{"damage":28,"enemies":"Hexaghost","floor":16,"turns":7},{"damage":11,"enemies":"Chosen","floor":18,"turns":4},{"damage":26,"enemies":"Shell Parasite","floor":19,"turns":4},{"damage":22,"enemies":"Snake Plant","floor":20,"turns":3},{"damage":15,"enemies":"Cultist and Chosen","floor":21,"turns":5},{"damage":10,"enemies":"3 Cultists","floor":22,"turns":4},{"damage":28,"enemies":"Shelled Parasite and Fungi","floor":25,"turns":3},{"damage":14,"enemies":"Snake Plant","floor":29,"turns":3},{"damage":0,"enemies":"Chosen and Byrds","floor":31,"turns":3},{"damage":44,"enemies":"Automaton","floor":33,"turns":9},{"damage":0,"enemies":"3 Shapes","floor":35,"turns":4},{"damage":24,"enemies":"3 Darklings","floor":37,"turns":4},{"damage":32,"enemies":"Writhing Mass","floor":38,"turns":5},{"damage":69,"enemies":"Nemesis","floor":41,"turns":6}],"seed_played":"-4453525050382462082","potions_obtained":[{"floor":7,"key":"Weak Potion"},{"floor":8,"key":"FearPotion"},{"floor":14,"key":"LiquidBronze"},{"floor":21,"key":"FearPotion"},{"floor":29,"key":"Block Potion"},{"floor":31,"key":"FocusPotion"},{"floor":33,"key":"Swift Potion"},{"floor":35,"key":"FearPotion"}],"is_trial":false,"path_per_floor":["M","?","M","?","M","R","E","M","T","M","R","E","M","E","R","B",null,"M","M","M","M","M","R","?","M","T","R","?","M","$","M","R","B",null,"M","?","M","M","$","R","E"],"character_chosen":"DEFECT","items_purchased":["ClockworkSouvenir","Du-Vu Doll","Compile Driver"],"campfire_rested":0,"item_purchase_floors":[30,30,30],"current_hp_per_floor":[61,61,56,56,56,56,34,34,34,42,42,41,44,38,38,22,54,43,36,33,37,46,46,46,37,37,37,37,42,42,49,49,24,54,61,61,44,31,31,31,0],"gold":9,"neow_bonus":"THREE_CARDS","is_prod":false,"is_daily":false,"chose_seed":false,"campfire_upgraded":7,"win_rate":0,"timestamp":1551562692,"path_taken":["M","?","M","?","M","R","E","?","T","M","R","E","M","E","R","BOSS","M","M","?","M","M","R","?","M","T","R","?","M","$","M","R","BOSS","M","?","M","?","$","R","E"],"build_version":"2019-02-06","purchased_purges":2,"victory":false,"max_hp_per_floor":[71,64,64,64,64,64,64,64,64,64,64,64,64,64,64,64,64,64,64,64,64,64,64,64,64,64,64,64,64,64,64,64,64,64,64,64,64,64,64,64,64],"card_choices":[{"not_picked":["Stack","Storm"],"picked":"Sweeping Beam","floor":0},{"not_picked":["Turbo","Stack"],"picked":"Cold Snap","floor":1},{"not_picked":["Scrape","Steam Power"],"picked":"Compile Driver","floor":3},{"not_picked":["Leap","Melter"],"picked":"Ball Lightning","floor":5},{"not_picked":["Redo","Cold Snap"],"picked":"Genetic Algorithm","floor":7},{"not_picked":["Barrage","Tempest","Gash"],"picked":"SKIP","floor":8},{"not_picked":["Ball Lightning","Sunder","Fusion"],"picked":"SKIP","floor":10},{"not_picked":["Gash","Double Energy"],"picked":"Self Repair","floor":12},{"not_picked":["Steam","Doom and Gloom"],"picked":"Static Discharge","floor":13},{"not_picked":["Reprogram","Creative AI","Cold Snap"],"picked":"SKIP","floor":14},{"not_picked":["Amplify","All For One"],"picked":"Electrodynamics","floor":16},{"not_picked":["Rip and Tear","Turbo"],"picked":"Consume","floor":18},{"not_picked":["Streamline","Melter"],"picked":"Stack+1","floor":19},{"not_picked":["Turbo","Stack+1","Chaos"],"picked":"SKIP","floor":20},{"not_picked":["Turbo","Beam Cell+1"],"picked":"Conserve Battery+1","floor":21},{"not_picked":["Conserve Battery","Stack","Ball Lightning"],"picked":"SKIP","floor":22},{"not_picked":["Conserve Battery","Stack","Ball Lightning"],"picked":"SKIP","floor":22},{"not_picked":["Conserve Battery","Stack","Ball Lightning"],"picked":"SKIP","floor":22},{"not_picked":["Barrage","Aggregate"],"picked":"Compile Driver","floor":25},{"not_picked":["BootSequence","Stack"],"picked":"Doom and Gloom","floor":29},{"not_picked":["Compile Driver","Turbo"],"picked":"Darkness","floor":31},{"not_picked":["Core Surge","Multi-Cast"],"picked":"Creative AI","floor":33},{"not_picked":["Cold Snap","Turbo"],"picked":"Defragment","floor":34},{"not_picked":["Recycle","Defragment"],"picked":"Hologram+1","floor":34},{"not_picked":["Ball Lightning","Darkness"],"picked":"Cold Snap","floor":34},{"not_picked":["Recycle","Rip and Tear","Rebound"],"picked":"SKIP","floor":35},{"not_picked":["Fusion+1","White Noise+1"],"picked":"Coolheaded","floor":37},{"not_picked":["Go for the Eyes","Redo","Gash"],"picked":"SKIP","floor":38}],"player_experience":4998467,"relics_obtained":[{"floor":7,"key":"Meat on the Bone"},{"floor":9,"key":"Symbiotic Virus"},{"floor":12,"key":"Bottled Lightning"},{"floor":14,"key":"MawBank"}],"event_choices":[{"damage_healed":0,"gold_gain":0,"player_choice":"Lose Max HP","damage_taken":0,"relics_obtained":["Golden Idol"],"max_hp_gain":0,"max_hp_loss":7,"event_name":"Golden Idol","floor":2,"gold_loss":0},{"damage_healed":0,"gold_gain":0,"player_choice":"Upgraded","damage_taken":0,"max_hp_gain":0,"max_hp_loss":0,"event_name":"Upgrade Shrine","floor":4,"gold_loss":0,"cards_upgraded":["Zap"]},{"damage_healed":0,"gold_gain":0,"player_choice":"Ignored","damage_taken":0,"max_hp_gain":0,"max_hp_loss":0,"event_name":"The Mausoleum","floor":24,"gold_loss":0},{"damage_healed":0,"gold_gain":0,"cards_transformed":["Strike_B","Strike_B"],"player_choice":"Became Test Subject","damage_taken":0,"max_hp_gain":0,"max_hp_loss":0,"event_name":"Drug Dealer","floor":28,"gold_loss":0,"cards_obtained":["Recycle","FTL"]},{"cards_removed":["Strike_B"],"damage_healed":0,"gold_gain":0,"player_choice":"Upgrade and Remove","damage_taken":0,"max_hp_gain":0,"max_hp_loss":0,"event_name":"Designer","floor":36,"gold_loss":110,"cards_upgraded":["Compile Driver"]}],"is_beta":true,"boss_relics":[{"not_picked":["Pandora\u0027s Box","Lizard Tail"],"picked":"Cursed Key"},{"not_picked":["Fusion Hammer","Black Star"],"picked":"Orrery"}],"items_purged_floors":[30,39],"is_endless":false,"potions_floor_spawned":[7,8,12,14,21,29,31,33,35],"killed_by":"Nemesis","ascension_level":20}