{"gold_per_floor":[118,118,143,143,143,143,178,178,260,304,323,364,364,380,380,475,475,489,489,404,417,417,417,450,465,492,492,417,417,417,180,180,257,257,277,277,294,35,35,62,62,96,96,111,145,145,7,23,23,23,23,23,23,23,51,51],"floor_reached":57,"playtime":5589,"items_purged":["Strike_G"],"score":2819,"play_id":"d89fd2e5-f166-4479-9cc4-14264abd7e78","local_time":"20190308153651","is_ascension_mode":true,"campfire_choices":[{"data":"Neutralize","floor":6,"key":"SMITH"},{"data":"Bouncing Flask","floor":15,"key":"SMITH"},{"data":"After Image","floor":23,"key":"SMITH"},{"data":"Cloak And Dagger","floor":27,"key":"SMITH"},{"data":"Burst","floor":29,"key":"SMITH"},{"floor":32,"key":"REST"},{"data":"Catalyst","floor":41,"key":"SMITH"},{"floor":46,"key":"RECALL"},{"data":"Well Laid Plans","floor":49,"key":"SMITH"},{"data":"Night Terror","floor":53,"key":"SMITH"}],"neow_cost":"NONE","seed_source_timestamp":169007842550910,"circlet_count":0,"master_deck":["AscendersBane","Survivor","Neutralize+1","After Image+1","Backstab+1","Quick Slash","Quick Slash","PiercingWail","Endless Agony","Blur+1","Bouncing Flask+1","Adrenaline","Dagger Spray","Burst+1","Cloak And Dagger+1","Dodge and Roll+1","Infinite Blades","Concentrate","Envenom","Flechettes","Heel Hook","Heel Hook","Catalyst+1","Skewer","Tools of the Trade","Calculated Gamble","Slice","Escape Plan+1","Backflip","Well Laid Plans+1","Blind+1","Prepared+1","Calculated Gamble","After Image","Night Terror+1","Leg Sweep","Dark Shackles","Riddle With Holes+1"],"relics":["Ring of the Snake","Bloody Idol","Unceasing Top","Oddly Smooth Stone","Strawberry","Shuriken","Bird Faced Urn","Bag of Preparation","GremlinMask","Runic Dome","MutagenicStrength","Juzu Bracelet","Centennial Puzzle","Anchor","Pandora\u0027s Box","Orichalcum","War Paint","Pantograph","Snake Skull"],"potions_floor_usage":[12,16,24,55,56,56],"damage_taken":[{"damage":0,"enemies":"Small Slimes","floor":1,"turns":4},{"damage":0,"enemies":"Jaw Worm","floor":3,"turns":5},{"damage":17,"enemies":"3 Sentries","floor":7,"turns":14},{"damage":20,"enemies":"Gremlin Nob","floor":10,"turns":4},{"damage":0,"enemies":"Cultist","floor":11,"turns":3},{"damage":14,"enemies":"3 Sentries","floor":12,"turns":8},{"damage":0,"enemies":"3 Louse","floor":14,"turns":5},{"damage":25,"enemies":"Hexaghost","floor":16,"turns":10},{"damage":2,"enemies":"Spheric Guardian","floor":18,"turns":3},{"damage":11,"enemies":"2 Thieves","floor":21,"turns":5},{"damage":2,"enemies":"Book of Stabbing","floor":24,"turns":5},{"damage":0,"enemies":"Centurion and Healer","floor":25,"turns":8},{"damage":4,"enemies":"Champ","floor":33,"turns":8},{"damage":0,"enemies":"3 Shapes","floor":35,"turns":3},{"damage":0,"enemies":"Orb Walker","floor":37,"turns":2},{"damage":0,"enemies":"Giant Head","floor":40,"turns":7},{"damage":3,"enemies":"Nemesis","floor":42,"turns":5},{"damage":0,"enemies":"3 Darklings","floor":44,"turns":4},{"damage":13,"enemies":"Reptomancer","floor":45,"turns":5},{"damage":0,"enemies":"Transient","floor":48,"turns":6},{"damage":24,"enemies":"Awakened One","floor":50,"turns":12},{"damage":14,"enemies":"Donu and Deca","floor":51,"turns":11},{"damage":12,"enemies":"Shield and Spear","floor":55,"turns":8},{"damage":56,"enemies":"The Heart","floor":56,"turns":7}],"seed_played":"2275256597201408610","potions_obtained":[{"floor":7,"key":"Regen Potion"},{"floor":11,"key":"FairyPotion"},{"floor":12,"key":"Dexterity Potion"},{"floor":16,"key":"Energy Potion"},{"floor":18,"key":"Ancient Potion"},{"floor":25,"key":"FairyPotion"},{"floor":35,"key":"SteroidPotion"},{"floor":55,"key":"Explosive Potion"}],"is_trial":false,"path_per_floor":["M","?","M","?","T","R","E","?","T","E","M","E","?","M","R","B",null,"M","?","?","M","?","R","E","M","T","R","?","R","?","$","R","B",null,"M","?","M","$","?","E","R","E","T","M","E","R","$","M","R","B","B",null,"R","$","E","B",null],"character_chosen":"THE_SILENT","items_purchased":["Infinite Blades","Concentrate","Well Laid Plans","GhostInAJar","Blind","Leg Sweep","Dark Shackles"],"campfire_rested":1,"item_purchase_floors":[31,31,38,38,38,47,47],"current_hp_per_floor":[59,59,59,54,54,54,44,44,44,24,26,29,29,31,31,8,52,52,52,52,43,43,43,43,45,45,45,45,45,45,45,65,67,67,67,67,67,67,57,67,67,67,67,67,63,63,63,67,67,49,67,67,67,67,60,13],"gold":51,"neow_bonus":"ONE_RANDOM_RARE_CARD","is_prod":false,"is_daily":false,"chose_seed":false,"campfire_upgraded":8,"win_rate":0,"timestamp":1552088211,"path_taken":["M","?","M","?","?","R","E","?","T","E","?","E","?","M","R","BOSS","M","?","?","M","?","R","E","M","T","R","?","R","?","$","R","BOSS","M","?","M","$","?","E","R","E","T","M","E","R","$","M","R","BOSS","BOSS","R","$","E","BOSS"],"build_version":"2019-02-06","purchased_purges":1,"victory":true,"max_hp_per_floor":[66,60,60,60,60,60,67,67,67,67,67,67,67,67,67,67,67,67,67,67,67,67,67,67,67,67,67,67,67,67,67,67,67,67,67,67,67,67,67,67,67,67,67,67,67,67,67,67,67,67,67,67,67,67,67,67],"card_choices":[{"not_picked":["Deflect","Blade Dance"],"picked":"Backstab","floor":1},{"not_picked":["Setup","Calculated Gamble"],"picked":"Quick Slash","floor":3},{"not_picked":["Catalyst","Underhanded Strike"],"picked":"Quick Slash","floor":7},{"not_picked":["Slice","Outmaneuver"],"picked":"PiercingWail","floor":10},{"not_picked":["Concentrate","Dodge and Roll"],"picked":"Endless Agony","floor":11},{"not_picked":["Doppelganger","Deadly Poison"],"picked":"Blur","floor":12},{"not_picked":["Tactician","Distraction"],"picked":"Bouncing Flask","floor":14},{"not_picked":["Envenom","Burst"],"picked":"Adrenaline","floor":16},{"not_picked":["Deflect","Bane"],"picked":"Dagger Spray","floor":18},{"not_picked":["Underhanded Strike+1","Flying Knee"],"picked":"Burst","floor":21},{"not_picked":["Flying Knee","Bouncing Flask","Quick Slash"],"picked":"SKIP","floor":24},{"not_picked":["Sucker Punch","Poisoned Stab"],"picked":"Dodge and Roll+1","floor":25},{"not_picked":["Die Die Die","Venomology"],"picked":"Envenom","floor":33},{"not_picked":["Quick Slash","Dagger Throw+1"],"picked":"Escape Plan+1","floor":35},{"not_picked":["Bane+1","Deadly Poison"],"picked":"Backflip","floor":37},{"not_picked":["Sucker Punch+1","Deflect"],"picked":"Prepared+1","floor":40},{"not_picked":["Quick Slash","Underhanded Strike+1"],"picked":"Calculated Gamble","floor":42},{"not_picked":["Heel Hook","Leg Sweep"],"picked":"After Image","floor":44},{"not_picked":["PiercingWail","Crippling Poison"],"picked":"Night Terror","floor":45},{"not_picked":["Prepared","Heel Hook+1"],"picked":"Riddle With Holes+1","floor":48},{"not_picked":["Slice","Blade Dance","Underhanded Strike"],"picked":"SKIP","floor":55}],"player_experience":5087776,"relics_obtained":[{"floor":5,"key":"Oddly Smooth Stone"},{"floor":7,"key":"Strawberry"},{"floor":9,"key":"Shuriken"},{"floor":10,"key":"Bird Faced Urn"},{"floor":12,"key":"Bag of Preparation"},{"floor":24,"key":"Centennial Puzzle"},{"floor":26,"key":"Anchor"},{"floor":40,"key":"Orichalcum"},{"floor":42,"key":"War Paint"},{"floor":45,"key":"Pantograph"},{"floor":55,"key":"Snake Skull"}],"event_choices":[{"damage_healed":0,"gold_gain":0,"player_choice":"Lose Max HP","damage_taken":0,"relics_obtained":["Golden Idol"],"max_hp_gain":0,"max_hp_loss":6,"event_name":"Golden Idol","floor":2,"gold_loss":0},{"damage_healed":0,"gold_gain":0,"player_choice":"Success","damage_taken":5,"relics_obtained":["Unceasing Top"],"max_hp_gain":0,"max_hp_loss":0,"event_name":"Scrap Ooze","floor":4,"gold_loss":0},{"damage_healed":0,"gold_gain":0,"player_choice":"Upgraded","damage_taken":0,"max_hp_gain":0,"max_hp_loss":0,"event_name":"Upgrade Shrine","floor":8,"gold_loss":0,"cards_upgraded":["Backstab"]},{"damage_healed":0,"gold_gain":0,"player_choice":"Trade","damage_taken":0,"relics_obtained":["GremlinMask"],"max_hp_gain":0,"max_hp_loss":0,"event_name":"FaceTrader","floor":13,"gold_loss":0},{"damage_healed":0,"gold_gain":0,"player_choice":"Inject Mutagens","damage_taken":0,"relics_obtained":["MutagenicStrength"],"max_hp_gain":0,"max_hp_loss":0,"event_name":"Drug Dealer","floor":19,"gold_loss":0},{"damage_healed":0,"gold_gain":0,"player_choice":"Obtained Relic","damage_taken":0,"relics_obtained":["Juzu Bracelet"],"max_hp_gain":0,"max_hp_loss":0,"event_name":"Addict","floor":20,"gold_loss":85},{"damage_healed":0,"gold_gain":0,"player_choice":"Read","damage_taken":0,"max_hp_gain":0,"max_hp_loss":0,"event_name":"The Library","floor":22,"gold_loss":0,"cards_obtained":["Cloak And Dagger"]},{"cards_removed":["Strike_G"],"damage_healed":0,"gold_gain":0,"player_choice":"Gave Gold","damage_taken":0,"max_hp_gain":0,"max_hp_loss":0,"event_name":"Beggar","floor":28,"gold_loss":75},{"damage_healed":0,"gold_gain":0,"player_choice":"Gave Idol","damage_taken":0,"relics_obtained":["Bloody Idol"],"max_hp_gain":0,"max_hp_loss":0,"event_name":"Forgotten Altar","floor":30,"relics_lost":["Golden Idol"],"gold_loss":0},{"damage_healed":0,"gold_gain":0,"player_choice":"Ignored","damage_taken":0,"max_hp_gain":0,"max_hp_loss":0,"event_name":"SecretPortal","floor":36,"gold_loss":0},{"damage_healed":0,"gold_gain":0,"player_choice":"Damaged","damage_taken":10,"max_hp_gain":0,"max_hp_loss":0,"event_name":"Wheel of Change","floor":39,"gold_loss":0}],"is_beta":true,"boss_relics":[{"not_picked":["Tiny House","Lizard Tail"],"picked":"Runic Dome"},{"not_picked":["Black Star","Coffee Dripper"],"picked":"Pandora\u0027s Box"}],"items_purged_floors":[31],"is_endless":false,"potions_floor_spawned":[7,11,12,16,18,25,35,37,44,48,55],"ascension_level":20}