{"gold_per_floor":[111,127,127,146,146,146,185,185,185,148,169,169,200,220,220,310,310,333,333,333,333,358,391,391,414,414,414,445,445,470,20,20,113,113,128,1127,1460,689,704,729,729,742,742,742,768,768,768,768,768,768,768,768,768,89,120,120],"floor_reached":57,"playtime":5523,"items_purged":["Normality","Normality"],"score":2708,"play_id":"c95ba996-2504-4f4f-ab92-0158c0d306f2","local_time":"20190308171309","is_ascension_mode":true,"campfire_choices":[{"data":"Zap","floor":6,"key":"SMITH"},{"data":"Ball Lightning","floor":8,"key":"SMITH"},{"data":"Genetic Algorithm","floor":15,"key":"SMITH"},{"data":"Seek","floor":24,"key":"SMITH"},{"floor":27,"key":"REST"},{"floor":29,"key":"REST"},{"data":"Loop","floor":32,"key":"SMITH"},{"floor":41,"key":"REST"},{"floor":46,"key":"RECALL"},{"floor":49,"key":"REST"},{"floor":53,"key":"REST"}],"neow_cost":"NONE","seed_source_timestamp":174839922613573,"circlet_count":0,"master_deck":["AscendersBane","Defend_B+1","Defend_B+1","Defend_B+1","Zap+1","Dualcast+1","Genetic Algorithm+1","Cold Snap","Ball Lightning+1","Ball Lightning","Echo Form","Glacier","Seek+1","White Noise+1","Steam Power+1","Sweeping Beam+1","Doom and Gloom","FTL","Barrage","Conserve Battery+1","Seek","Loop+1","Coolheaded+1","Compile Driver+1","Defragment","Barrage+1","Force Field+1","Coolheaded","Writhe","Biased Cognition","Flash of Steel","Compile Driver","Cold Snap"],"relics":["Cracked Core","Calipers","Torii","Art of War","Astrolabe","Shuriken","Kunai","Dream Catcher","Bottled Tornado","Orichalcum","Runic Dome","Runic Capacitor","PreservedInsect","Tiny Chest","Lantern","Juzu Bracelet","Bag of Marbles","War Paint","Bottled Lightning","Nunchaku"],"potions_floor_usage":[7,16,22,23,23,23,25,28,33,56],"damage_taken":[{"damage":4,"enemies":"Jaw Worm","floor":1,"turns":4},{"damage":0,"enemies":"2 Louse","floor":2,"turns":3},{"damage":12,"enemies":"Small Slimes","floor":4,"turns":4},{"damage":22,"enemies":"Lagavulin","floor":7,"turns":8},{"damage":1,"enemies":"Looter","floor":11,"turns":3},{"damage":19,"enemies":"3 Sentries","floor":13,"turns":7},{"damage":0,"enemies":"Large Slime","floor":14,"turns":4},{"damage":4,"enemies":"Hexaghost","floor":16,"turns":10},{"damage":1,"enemies":"Shell Parasite","floor":18,"turns":6},{"damage":7,"enemies":"Spheric Guardian","floor":22,"turns":6},{"damage":12,"enemies":"Gremlin Leader","floor":23,"turns":7},{"damage":26,"enemies":"Cultist and Chosen","floor":25,"turns":6},{"damage":14,"enemies":"Book of Stabbing","floor":28,"turns":5},{"damage":0,"enemies":"Snecko","floor":30,"turns":5},{"damage":2,"enemies":"Collector","floor":33,"turns":14},{"damage":25,"enemies":"3 Darklings","floor":35,"turns":5},{"damage":0,"enemies":"Orb Walker","floor":39,"turns":3},{"damage":1,"enemies":"Nemesis","floor":40,"turns":7},{"damage":20,"enemies":"Maw","floor":42,"turns":8},{"damage":7,"enemies":"Giant Head","floor":45,"turns":9},{"damage":20,"enemies":"Time Eater","floor":50,"turns":14},{"damage":24,"enemies":"Donu and Deca","floor":51,"turns":12},{"damage":0,"enemies":"Shield and Spear","floor":55,"turns":6},{"damage":2,"enemies":"The Heart","floor":56,"turns":10}],"seed_played":"1727747534764236368","potions_obtained":[{"floor":0,"key":"FocusPotion"},{"floor":0,"key":"Weak Potion"},{"floor":4,"key":"Poison Potion"},{"floor":13,"key":"Regen Potion"},{"floor":22,"key":"PowerPotion"},{"floor":23,"key":"AttackPotion"},{"floor":28,"key":"Strength Potion"},{"floor":35,"key":"Ancient Potion"}],"is_trial":false,"path_per_floor":["M","M","?","M","?","R","E","R","T","?","M","?","E","M","R","B",null,"M","?","?","?","M","E","R","M","T","R","E","R","M","$","R","B",null,"M","?","?","$","M","E","R","M","T","?","E","R","?","T","R","B","B",null,"R","$","E","B",null],"character_chosen":"DEFECT","items_purchased":["Bottled Tornado","Orichalcum","Runic Capacitor","PreservedInsect","Tiny Chest","Defragment","GamblersBrew","War Paint","Bottled Lightning","Flash of Steel","Compile Driver"],"campfire_rested":5,"item_purchase_floors":[31,31,38,38,38,38,38,54,54,54,54],"current_hp_per_floor":[60,60,60,48,48,48,26,26,26,26,25,46,27,27,27,23,54,53,53,53,41,49,37,37,11,11,30,16,35,35,35,35,33,56,31,31,31,31,31,30,49,29,29,42,35,35,35,35,54,34,10,51,64,64,64,62],"gold":120,"neow_bonus":"THREE_SMALL_POTIONS","is_prod":false,"is_daily":false,"chose_seed":false,"campfire_upgraded":5,"win_rate":0,"timestamp":1552093989,"path_taken":["M","M","?","M","?","R","E","R","T","?","M","?","E","M","R","BOSS","M","?","?","?","M","E","R","?","T","R","E","R","M","$","R","BOSS","M","?","?","$","M","E","R","M","T","?","E","R","?","?","R","BOSS","BOSS","R","$","E","BOSS"],"build_version":"2019-02-06","purchased_purges":2,"victory":true,"max_hp_per_floor":[71,71,64,64,64,64,64,64,64,64,64,64,64,64,64,64,64,64,64,64,64,64,64,64,64,64,64,64,64,64,64,64,64,64,64,64,64,64,64,64,64,64,64,64,64,64,64,64,64,64,64,64,64,64,64,64],"card_choices":[{"not_picked":["Barrage","Rebound"],"picked":"Genetic Algorithm","floor":1},{"not_picked":["Steam","Beam Cell","Reinforced Body"],"picked":"SKIP","floor":2},{"not_picked":["Skim","Auto Shields"],"picked":"Cold Snap","floor":4},{"not_picked":["Cold Snap","Conserve Battery"],"picked":"Ball Lightning","floor":7},{"not_picked":["Compile Driver","Reprogram"],"picked":"Ball Lightning","floor":11},{"not_picked":["Barrage","Storm"],"picked":"Echo Form","floor":13},{"not_picked":["Conserve Battery","Self Repair"],"picked":"Glacier","floor":14},{"not_picked":["Core Surge","Buffer"],"picked":"Seek","floor":16},{"not_picked":["Cold Snap","Steam Power"],"picked":"Doom and Gloom","floor":18},{"not_picked":["FTL","Leap"],"picked":"Conserve Battery","floor":22},{"not_picked":["Sweeping Beam+1","Hello World+1"],"picked":"Seek","floor":23},{"not_picked":["Melter","Lockon"],"picked":"Loop","floor":25},{"not_picked":["Chill","Echo Form"],"picked":"Coolheaded+1","floor":28},{"not_picked":["Force Field","Rip and Tear","Cold Snap"],"picked":"SKIP","floor":30},{"not_picked":["Go for the Eyes+1","Undo"],"picked":"Compile Driver+1","floor":35},{"not_picked":["Doom and Gloom","Streamline+1"],"picked":"Barrage+1","floor":39},{"not_picked":["Barrage","Stack"],"picked":"Force Field+1","floor":40},{"not_picked":["Undo","Conserve Battery"],"picked":"Coolheaded","floor":42},{"not_picked":["Coolheaded","Chaos"],"picked":"Biased Cognition","floor":45},{"not_picked":["Barrage+1","Conserve Battery+1"],"picked":"Cold Snap","floor":55}],"player_experience":5093365,"relics_obtained":[{"floor":7,"key":"Calipers"},{"floor":9,"key":"Torii"},{"floor":13,"key":"Art of War"},{"floor":23,"key":"Shuriken"},{"floor":26,"key":"Kunai"},{"floor":28,"key":"Dream Catcher"},{"floor":40,"key":"Lantern"},{"floor":45,"key":"Juzu Bracelet"},{"floor":48,"key":"Bag of Marbles"},{"floor":55,"key":"Nunchaku"}],"event_choices":[{"damage_healed":0,"gold_gain":0,"player_choice":"Lose Max HP","damage_taken":0,"relics_obtained":["Golden Idol"],"max_hp_gain":0,"max_hp_loss":7,"event_name":"Golden Idol","floor":3,"gold_loss":0},{"damage_healed":0,"gold_gain":0,"player_choice":"Ignored","damage_taken":0,"max_hp_gain":0,"max_hp_loss":0,"event_name":"Liars Game","floor":5,"gold_loss":0},{"damage_healed":0,"gold_gain":0,"player_choice":"Left Gold","damage_taken":0,"max_hp_gain":0,"max_hp_loss":0,"event_name":"World of Goop","floor":10,"gold_loss":37},{"damage_healed":21,"gold_gain":0,"player_choice":"Banana","damage_taken":0,"max_hp_gain":0,"max_hp_loss":0,"event_name":"Big Fish","floor":12,"gold_loss":0},{"damage_healed":0,"gold_gain":0,"cards_transformed":["Strike_B","Defend_B"],"player_choice":"Became Test Subject","damage_taken":0,"max_hp_gain":0,"max_hp_loss":0,"event_name":"Drug Dealer","floor":19,"gold_loss":0,"cards_obtained":["FTL","Barrage"]},{"damage_healed":0,"gold_gain":0,"player_choice":"Simplicity","damage_taken":0,"max_hp_gain":0,"max_hp_loss":0,"event_name":"Back to Basics","floor":20,"gold_loss":0,"cards_upgraded":["Defend_B","Defend_B","Defend_B"]},{"damage_healed":0,"gold_gain":0,"player_choice":"POTION ","damage_taken":12,"max_hp_gain":0,"max_hp_loss":0,"event_name":"Knowing Skull","floor":21,"potions_obtained":["EntropicBrew"],"gold_loss":0,"cards_obtained":[]},{"damage_healed":0,"gold_gain":999,"player_choice":"Gold","damage_taken":0,"max_hp_gain":0,"max_hp_loss":0,"event_name":"MindBloom","floor":36,"gold_loss":0,"cards_obtained":["Normality","Normality"]},{"damage_healed":0,"gold_gain":333,"player_choice":"Gave Idol","damage_taken":0,"max_hp_gain":0,"max_hp_loss":0,"event_name":"The Moai Head","floor":37,"relics_lost":["Golden Idol"],"gold_loss":0},{"damage_healed":13,"gold_gain":0,"player_choice":"Writhe","damage_taken":0,"max_hp_gain":0,"max_hp_loss":0,"event_name":"Winding Halls","floor":44,"gold_loss":0,"cards_obtained":["Writhe"]},{"damage_healed":0,"gold_gain":0,"player_choice":"Ignored","damage_taken":0,"max_hp_gain":0,"max_hp_loss":0,"event_name":"Tomb of Lord Red Mask","floor":47,"gold_loss":0}],"is_beta":true,"boss_relics":[{"not_picked":["Busted Crown","FrozenCore"],"picked":"Astrolabe"},{"not_picked":["Black Star","White Beast Statue"],"picked":"Runic Dome"}],"items_purged_floors":[38,54],"is_endless":false,"potions_floor_spawned":[1,4,13,22,23,28,35,39,45],"ascension_level":20}