{"gold_per_floor":[114,114,126,2,14,44,59,59,82,111,11,30,40,59,59,133,133,147,147,158,177,6,37,37,62,141,153,183,183,183,183,183,262,262,275,63,63,82,94,119,119,151,225,251,275,302,312,329,329,329,329,329,23,54,54],"floor_reached":56,"playtime":6507,"items_purged":["Regret","Strike_G","Normality","Parasite"],"score":2309,"play_id":"55b7d755-95d6-4e63-8db9-d9356daaae61","local_time":"20190314145839","is_ascension_mode":true,"campfire_choices":[{"floor":8,"key":"REST"},{"floor":15,"key":"RECALL"},{"floor":29,"key":"REST"},{"floor":32,"key":"REST"},{"floor":41,"key":"REST"},{"floor":49,"key":"REST"},{"floor":52,"key":"REST"}],"neow_cost":"NONE","seed_source_timestamp":0,"circlet_count":0,"master_deck":["AscendersBane","Defend_G","Defend_G","Defend_G","Defend_G","Defend_G","Survivor","Neutralize","Dagger Spray","Poisoned Stab","Die Die Die","Footwork","Footwork","Acrobatics","Dodge and Roll","Adrenaline","A Thousand Cuts+1","Backstab+1","Skewer+1","Dash","Noxious Fumes","Backflip","PiercingWail","Well Laid Plans","Dodge and Roll","Cloak And Dagger","Dodge and Roll+1","Blade Dance+1","Noxious Fumes","Backflip","Blur","PiercingWail","Night Terror","Well Laid Plans","Envenom","Leg Sweep","Deflect"],"special_seed":0,"relics":["Fusion Hammer","Omamori","Bag of Marbles","PreservedInsect","Kunai","Astrolabe","Vajra","Bird Faced Urn","Dream Catcher","Tiny Chest","Ice Cream","Meat on the Bone","Calling Bell","Regal Pillow","Pantograph","Unceasing Top","Mummified Hand","Singing Bowl","Lantern","Blood Vial","Pen Nib","Thread and Needle"],"potions_floor_usage":[6,10,16,23,55,55],"damage_taken":[{"damage":0,"enemies":"Cultist","floor":1,"turns":4},{"damage":2,"enemies":"Small Slimes","floor":3,"turns":4},{"damage":0,"enemies":"2 Louse","floor":5,"turns":3},{"damage":7,"enemies":"3 Sentries","floor":6,"turns":6},{"damage":0,"enemies":"Red Slaver","floor":7,"turns":3},{"damage":0,"enemies":"Gremlin Nob","floor":10,"turns":2},{"damage":10,"enemies":"Gremlin Gang","floor":12,"turns":4},{"damage":7,"enemies":"Exordium Thugs","floor":13,"turns":4},{"damage":0,"enemies":"3 Louse","floor":14,"turns":1},{"damage":22,"enemies":"Hexaghost","floor":16,"turns":11},{"damage":2,"enemies":"Chosen","floor":18,"turns":3},{"damage":0,"enemies":"2 Thieves","floor":20,"turns":3},{"damage":6,"enemies":"Cultist and Chosen","floor":21,"turns":7},{"damage":0,"enemies":"Slavers","floor":23,"turns":1},{"damage":7,"enemies":"Book of Stabbing","floor":25,"turns":3},{"damage":6,"enemies":"Shelled Parasite and Fungi","floor":27,"turns":6},{"damage":28,"enemies":"Slavers","floor":28,"turns":4},{"damage":3,"enemies":"Automaton","floor":33,"turns":12},{"damage":2,"enemies":"Orb Walker","floor":35,"turns":3},{"damage":0,"enemies":"3 Shapes","floor":38,"turns":3},{"damage":13,"enemies":"Writhing Mass","floor":39,"turns":7},{"damage":0,"enemies":"Reptomancer","floor":40,"turns":5},{"damage":0,"enemies":"Giant Head","floor":42,"turns":10},{"damage":10,"enemies":"Reptomancer","floor":44,"turns":6},{"damage":0,"enemies":"Giant Head","floor":46,"turns":9},{"damage":0,"enemies":"4 Shapes","floor":47,"turns":6},{"damage":0,"enemies":"3 Darklings","floor":48,"turns":5},{"damage":20,"enemies":"Donu and Deca","floor":50,"turns":13},{"damage":17,"enemies":"Shield and Spear","floor":54,"turns":7},{"damage":85,"enemies":"The Heart","floor":55,"turns":14}],"seed_played":"-8572839129732057456","potions_obtained":[{"floor":1,"key":"SteroidPotion"},{"floor":12,"key":"SkillPotion"},{"floor":14,"key":"PowerPotion"},{"floor":16,"key":"Block Potion"},{"floor":21,"key":"Explosive Potion"},{"floor":23,"key":"SmokeBomb"},{"floor":28,"key":"Energy Potion"},{"floor":33,"key":"Ancient Potion"},{"floor":42,"key":"Strength Potion"}],"is_trial":false,"path_per_floor":["M","?","M","$","M","E","M","R","T","E","$","M","M","M","R","B",null,"M","?","M","M","$","E","?","E","T","M","E","R","?","?","R","B",null,"M","$","T","M","M","E","R","E","T","E","T","E","M","M","R","B",null,"R","$","E","B",null],"character_chosen":"THE_SILENT","items_purchased":["Poison Potion","Vajra","PiercingWail","Noxious Fumes","Backflip","SpeedPotion","Leg Sweep","Deflect"],"campfire_rested":6,"item_purchase_floors":[4,22,22,36,36,53,53,53],"current_hp_per_floor":[59,59,57,57,57,50,50,66,66,66,66,56,49,49,49,27,56,54,54,54,48,48,48,48,45,45,49,29,48,48,48,66,65,66,66,66,66,66,63,66,68,68,68,70,70,72,74,76,78,70,76,78,75,70,16],"gold":54,"neow_bonus":"BOSS_RELIC","is_prod":false,"is_daily":false,"chose_seed":false,"campfire_upgraded":0,"win_rate":0,"timestamp":1552600719,"path_taken":["M","?","M","$","M","E","M","R","T","E","$","M","M","M","R","BOSS","M","?","M","M","$","E","?","E","T","?","E","R","?","?","R","BOSS","M","$","?","M","?","E","R","E","T","E","?","E","M","M","R","BOSS","R","$","E","BOSS"],"build_version":"2019-02-06","purchased_purges":4,"victory":true,"max_hp_per_floor":[66,66,66,66,66,66,66,66,66,66,66,66,66,66,66,66,66,66,66,66,66,66,66,66,66,66,66,66,66,66,66,66,66,66,66,66,66,66,66,66,68,68,68,70,70,72,74,76,78,78,78,78,75,77,77],"card_choices":[{"not_picked":["Catalyst","Choke"],"picked":"Dagger Spray","floor":1},{"not_picked":["Slice","Blade Dance"],"picked":"Poisoned Stab","floor":3},{"not_picked":["Escape Plan","Backflip"],"picked":"Die Die Die","floor":5},{"not_picked":["Heel Hook","Escape Plan"],"picked":"Footwork","floor":6},{"not_picked":["Blur","Flying Knee"],"picked":"Footwork","floor":7},{"not_picked":["Tactician","Expertise"],"picked":"Acrobatics","floor":13},{"not_picked":["Masterful Stab","Eviscerate"],"picked":"Dodge and Roll","floor":14},{"not_picked":["Bullet Time","Storm of Steel"],"picked":"Adrenaline","floor":16},{"not_picked":["Outmaneuver","Dagger Throw"],"picked":"Dash","floor":18},{"not_picked":["Dodge and Roll","Bane"],"picked":"Noxious Fumes","floor":20},{"not_picked":["Dash","Prepared"],"picked":"Backflip","floor":21},{"not_picked":["Tools of the Trade","Deadly Poison"],"picked":"Well Laid Plans","floor":23},{"not_picked":["Venomology","Caltrops"],"picked":"Dodge and Roll","floor":25},{"not_picked":["Dash","Acrobatics+1"],"picked":"Cloak And Dagger","floor":27},{"not_picked":["Riddle With Holes+1","Bouncing Flask"],"picked":"Dodge and Roll+1","floor":28},{"not_picked":["Slice","Dagger Throw"],"picked":"Blade Dance+1","floor":29},{"not_picked":["Acrobatics","Cloak And Dagger"],"picked":"Blur","floor":38},{"not_picked":["Dagger Throw","Caltrops"],"picked":"PiercingWail","floor":39},{"not_picked":["Underhanded Strike+1","Slice"],"picked":"Night Terror","floor":40},{"not_picked":["Cloak And Dagger","Blade Dance"],"picked":"Well Laid Plans","floor":42},{"not_picked":["Dagger Spray","Endless Agony+1"],"picked":"Envenom","floor":52}],"player_experience":5167470,"relics_obtained":[{"floor":6,"key":"Bag of Marbles"},{"floor":9,"key":"PreservedInsect"},{"floor":10,"key":"Kunai"},{"floor":23,"key":"Bird Faced Urn"},{"floor":25,"key":"Dream Catcher"},{"floor":26,"key":"Tiny Chest"},{"floor":28,"key":"Ice Cream"},{"floor":34,"key":"Regal Pillow"},{"floor":34,"key":"Pantograph"},{"floor":34,"key":"Unceasing Top"},{"floor":37,"key":"Mummified Hand"},{"floor":40,"key":"Singing Bowl"},{"floor":42,"key":"Lantern"},{"floor":44,"key":"Blood Vial"},{"floor":46,"key":"Pen Nib"},{"floor":54,"key":"Thread and Needle"}],"event_choices":[{"damage_healed":0,"gold_gain":0,"player_choice":"Box","damage_taken":0,"relics_obtained":["Omamori"],"max_hp_gain":0,"max_hp_loss":0,"event_name":"Big Fish","floor":2,"gold_loss":0,"cards_obtained":["Regret"]},{"damage_healed":0,"gold_gain":0,"player_choice":"Smashed Altar","damage_taken":0,"max_hp_gain":0,"max_hp_loss":0,"event_name":"Forgotten Altar","floor":19,"gold_loss":0,"cards_obtained":["Decay"]},{"cards_removed":["Strike_G"],"damage_healed":0,"gold_gain":0,"player_choice":"Offered Basic","damage_taken":0,"max_hp_gain":0,"max_hp_loss":0,"event_name":"Bonfire Elementals","floor":24,"gold_loss":0},{"damage_healed":0,"gold_gain":0,"player_choice":"Ignored","damage_taken":0,"max_hp_gain":0,"max_hp_loss":0,"event_name":"Vampires","floor":30,"gold_loss":0},{"damage_healed":0,"gold_gain":0,"player_choice":"Gave Potion","damage_taken":0,"relics_obtained":["Meat on the Bone"],"max_hp_gain":0,"max_hp_loss":0,"event_name":"WeMeetAgain","floor":31,"gold_loss":0}],"is_beta":true,"boss_relics":[{"not_picked":["White Beast Statue","Busted Crown"],"picked":"Astrolabe"},{"not_picked":["Pandora\u0027s Box","Empty Cage"],"picked":"Calling Bell"}],"items_purged_floors":[4,11,36,53],"is_endless":false,"potions_floor_spawned":[1,5,12,14,16,21,23,28,33,35,38,40,42,48],"ascension_level":15}