{"gold_per_floor":[149,165,440,26,26,54,54,85,112,112,124,124,152,169,169,243,243,263,178,11,11,23,54,54,84,107,140,151,151,151,151,151,228,228,239,249,149,149,160,160,494,494,520,520,520,38,38,50,50,50,50,50,50,7,40,40],"floor_reached":57,"playtime":3569,"items_purged":["Regret","Defend_B"],"score":2859,"play_id":"93793ad0-1a84-4815-b672-0206fe992ebc","local_time":"20190315160345","is_ascension_mode":true,"campfire_choices":[{"floor":7,"key":"REST"},{"floor":10,"key":"REST"},{"floor":15,"key":"REST"},{"floor":24,"key":"REST"},{"floor":30,"key":"REST"},{"data":"Defragment","floor":32,"key":"SMITH"},{"data":"Defragment","floor":40,"key":"SMITH"},{"floor":42,"key":"REST"},{"data":"Capacitor","floor":45,"key":"SMITH"},{"floor":49,"key":"RECALL"},{"floor":53,"key":"REST"}],"neow_cost":"NONE","seed_source_timestamp":364084801007039,"circlet_count":0,"master_deck":["AscendersBane","Defend_B","Defend_B","Defend_B","Zap","Dualcast","Coolheaded","Compile Driver","Barrage","Coolheaded","Genetic Algorithm","Defragment+1","Electrodynamics","Creative AI+1","Coolheaded+1","Biased Cognition+1","Force Field","Capacitor+1","Static Discharge","Defragment+1","Necronomicurse","Amplify","BootSequence","Loop+1","Consume+1","Apotheosis","Glacier","Capacitor","Glacier","Coolheaded"],"relics":["Cracked Core","Tiny Chest","Lantern","Strawberry","Cables","Vajra","Potion Belt","Mummified Hand","Odd Mushroom","Astrolabe","Happy Flower","Bag of Preparation","Mercury Hourglass","Regal Pillow","Bronze Scales","Anchor","Necronomicon","Runic Dome","Old Coin","Blood Vial","Centennial Puzzle","The Courier","Bag of Marbles"],"potions_floor_usage":[13,16,16,16,23,23,55,56,56,56],"damage_taken":[{"damage":2,"enemies":"Jaw Worm","floor":1,"turns":3},{"damage":0,"enemies":"Cultist","floor":2,"turns":3},{"damage":50,"enemies":"Gremlin Nob","floor":6,"turns":5},{"damage":30,"enemies":"3 Sentries","floor":8,"turns":7},{"damage":0,"enemies":"2 Louse","floor":11,"turns":2},{"damage":20,"enemies":"The Mushroom Lair","floor":13,"turns":4},{"damage":6,"enemies":"Blue Slaver","floor":14,"turns":4},{"damage":31,"enemies":"Slime Boss","floor":16,"turns":13},{"damage":3,"enemies":"3 Byrds","floor":18,"turns":3},{"damage":10,"enemies":"2 Thieves","floor":22,"turns":2},{"damage":10,"enemies":"Book of Stabbing","floor":23,"turns":4},{"damage":20,"enemies":"Slavers","floor":25,"turns":2},{"damage":5,"enemies":"Book of Stabbing","floor":27,"turns":4},{"damage":0,"enemies":"Centurion and Healer","floor":28,"turns":6},{"damage":2,"enemies":"Automaton","floor":33,"turns":9},{"damage":0,"enemies":"Orb Walker","floor":35,"turns":3},{"damage":0,"enemies":"3 Shapes","floor":36,"turns":2},{"damage":7,"enemies":"Writhing Mass","floor":39,"turns":4},{"damage":43,"enemies":"Nemesis","floor":41,"turns":11},{"damage":31,"enemies":"3 Darklings","floor":48,"turns":3},{"damage":0,"enemies":"Donu and Deca","floor":50,"turns":10},{"damage":0,"enemies":"Time Eater","floor":51,"turns":13},{"damage":28,"enemies":"Shield and Spear","floor":55,"turns":5},{"damage":37,"enemies":"The Heart","floor":56,"turns":8}],"seed_played":"-7186140232894978538","potions_obtained":[{"floor":1,"key":"SpeedPotion"},{"floor":11,"key":"GamblersBrew"},{"floor":13,"key":"Swift Potion"},{"floor":14,"key":"EssenceOfSteel"},{"floor":18,"key":"Strength Potion"},{"floor":22,"key":"EssenceOfSteel"},{"floor":27,"key":"LiquidBronze"},{"floor":28,"key":"SneckoOil"},{"floor":36,"key":"Ancient Potion"},{"floor":39,"key":"FearPotion"}],"is_trial":false,"path_per_floor":["M","M","?","$","T","E","R","E","T","R","M","T","?","M","R","B",null,"M","?","$","?","M","E","R","E","T","E","M","?","R","?","R","B",null,"M","M","$","?","M","R","E","R","T","?","R","$","T","M","R","B","B",null,"R","$","E","B",null],"character_chosen":"DEFECT","items_purchased":["Lantern","Strawberry","Bag of Preparation","Apotheosis","Centennial Puzzle","Glacier","Capacitor","PowerPotion"],"campfire_rested":7,"item_purchase_floors":[4,4,20,46,46,46,46,54],"current_hp_per_floor":[62,62,62,69,69,19,42,12,12,35,35,35,15,9,32,1,59,56,56,56,56,46,36,59,39,39,34,34,13,51,51,51,49,71,71,71,71,71,64,64,21,59,59,59,59,59,59,30,30,32,34,64,74,74,46,11],"gold":40,"neow_bonus":"RANDOM_COMMON_RELIC","is_prod":false,"is_daily":false,"chose_seed":false,"campfire_upgraded":3,"win_rate":0,"timestamp":1552691025,"path_taken":["M","M","?","$","?","E","R","E","T","R","?","?","?","M","R","BOSS","M","?","$","?","M","E","R","E","T","E","M","?","R","?","R","BOSS","M","?","$","?","M","R","E","R","T","?","R","?","?","M","R","BOSS","BOSS","R","$","E","BOSS"],"build_version":"2019-02-06","purchased_purges":2,"victory":true,"max_hp_per_floor":[71,71,71,78,78,78,78,78,78,78,78,78,78,78,78,78,78,78,78,78,78,78,78,78,78,78,78,78,78,78,78,78,78,78,78,78,78,78,78,78,78,78,78,74,74,74,74,74,74,74,74,74,74,74,74,74],"card_choices":[{"not_picked":["Compile Driver","Streamline"],"picked":"Coolheaded","floor":1},{"not_picked":["Stack","Hologram"],"picked":"Compile Driver","floor":2},{"not_picked":["Chaos","Steam"],"picked":"Barrage","floor":6},{"not_picked":["Go for the Eyes","Gash","Stack"],"picked":"SKIP","floor":8},{"not_picked":["Gash","Static Discharge"],"picked":"Coolheaded","floor":11},{"not_picked":["Ball Lightning","Compile Driver"],"picked":"Genetic Algorithm","floor":13},{"not_picked":["Storm","Leap"],"picked":"Defragment","floor":14},{"not_picked":["Creative AI","All For One"],"picked":"Electrodynamics","floor":16},{"not_picked":["Recycle","Leap"],"picked":"Force Field","floor":18},{"not_picked":["Conserve Battery","Lockon"],"picked":"Capacitor","floor":22},{"not_picked":["Scrape","Go for the Eyes+1"],"picked":"Static Discharge","floor":23},{"not_picked":["Stack","Chaos","Cold Snap+1"],"picked":"SKIP","floor":25},{"not_picked":["Creative AI","Tempest","Compile Driver"],"picked":"SKIP","floor":27},{"not_picked":["Barrage","White Noise+1"],"picked":"Defragment","floor":28},{"not_picked":["Reboot","Electrodynamics"],"picked":"Amplify","floor":33},{"not_picked":["Stack+1","Hologram","Steam"],"picked":"SKIP","floor":35},{"not_picked":["Redo","Aggregate"],"picked":"BootSequence","floor":36},{"not_picked":["Redo","Lockon"],"picked":"Loop+1","floor":39},{"not_picked":["Redo","Streamline"],"picked":"Consume+1","floor":41},{"not_picked":["Rebound","Genetic Algorithm"],"picked":"Glacier","floor":48},{"not_picked":["All For One","Fusion+1"],"picked":"Coolheaded","floor":55}],"player_experience":5187554,"relics_obtained":[{"floor":6,"key":"Cables"},{"floor":8,"key":"Vajra"},{"floor":9,"key":"Potion Belt"},{"floor":12,"key":"Mummified Hand"},{"floor":13,"key":"Odd Mushroom"},{"floor":23,"key":"Mercury Hourglass"},{"floor":25,"key":"Regal Pillow"},{"floor":26,"key":"Bronze Scales"},{"floor":27,"key":"Anchor"},{"floor":29,"key":"Necronomicon"},{"floor":41,"key":"Old Coin"},{"floor":43,"key":"Blood Vial"},{"floor":47,"key":"The Courier"},{"floor":55,"key":"Bag of Marbles"}],"event_choices":[{"damage_healed":0,"gold_gain":275,"player_choice":"Desecrate","damage_taken":0,"max_hp_gain":0,"max_hp_loss":0,"event_name":"Golden Shrine","floor":3,"gold_loss":0,"cards_obtained":["Regret"]},{"damage_healed":0,"gold_gain":0,"player_choice":"Fought Mushrooms","damage_taken":0,"max_hp_gain":0,"max_hp_loss":0,"event_name":"Mushrooms","floor":13,"gold_loss":0},{"damage_healed":0,"gold_gain":0,"player_choice":"Obtained Relic","damage_taken":0,"relics_obtained":["Happy Flower"],"max_hp_gain":0,"max_hp_loss":0,"event_name":"Addict","floor":19,"gold_loss":85},{"damage_healed":0,"gold_gain":0,"player_choice":"Ignored","damage_taken":0,"max_hp_gain":0,"max_hp_loss":0,"event_name":"Beggar","floor":21,"gold_loss":0},{"damage_healed":0,"gold_gain":0,"player_choice":"Obtained Book","damage_taken":21,"max_hp_gain":0,"max_hp_loss":0,"event_name":"Cursed Tome","floor":29,"gold_loss":0},{"cards_removed":["Strike_B"],"damage_healed":0,"gold_gain":0,"player_choice":"Purged","damage_taken":0,"max_hp_gain":0,"max_hp_loss":0,"event_name":"Purifier","floor":31,"gold_loss":0},{"damage_healed":0,"gold_gain":0,"player_choice":"Ignored","damage_taken":0,"max_hp_gain":0,"max_hp_loss":0,"event_name":"Tomb of Lord Red Mask","floor":38,"gold_loss":0},{"damage_healed":0,"gold_gain":0,"player_choice":"Max HP","damage_taken":0,"max_hp_gain":0,"max_hp_loss":4,"event_name":"Winding Halls","floor":44,"gold_loss":0}],"is_beta":true,"boss_relics":[{"not_picked":["Cursed Key","Calling Bell"],"picked":"Astrolabe"},{"not_picked":["Empty Cage","FrozenCore"],"picked":"Runic Dome"}],"items_purged_floors":[4,37],"is_endless":false,"potions_floor_spawned":[1,11,13,14,18,22,27,28,36,39],"ascension_level":20}