{"gold_per_floor":[112,123,123,143,143,143,170,170],"floor_reached":8,"playtime":555,"items_purged":[],"score":112,"play_id":"9ea1235b-1e14-4c4f-b6b1-e5e4ac37874c","local_time":"20190312125825","is_ascension_mode":true,"campfire_choices":[{"data":"Neutralize","floor":6,"key":"SMITH"}],"neow_cost":"NONE","seed_source_timestamp":96825153108803,"circlet_count":0,"master_deck":["AscendersBane","Defend_G","Defend_G","Defend_G","Defend_G","Defend_G","Strike_G","Strike_G","Strike_G","Strike_G","Strike_G","Survivor","Neutralize+1","Dodge and Roll","Infinite Blades","Pain","Dash","Terror"],"relics":["Ring of the Snake","WarpedTongs","Lantern"],"potions_floor_usage":[8],"damage_taken":[{"damage":0,"enemies":"2 Louse","floor":1,"turns":5},{"damage":13,"enemies":"Cultist","floor":2,"turns":7},{"damage":8,"enemies":"Jaw Worm","floor":4,"turns":5},{"damage":54,"enemies":"Gremlin Nob","floor":7,"turns":5},{"damage":20,"enemies":"Gremlin Gang","floor":8,"turns":2}],"seed_played":"-8574232859403112428","potions_obtained":[{"floor":7,"key":"FearPotion"}],"is_trial":false,"path_per_floor":["M","M","?","M","?","R","E","M"],"character_chosen":"THE_SILENT","items_purchased":[],"campfire_rested":0,"item_purchase_floors":[],"current_hp_per_floor":[65,52,52,44,68,68,14,0],"gold":170,"neow_bonus":"TEN_PERCENT_HP_BONUS","is_prod":false,"is_daily":false,"chose_seed":false,"campfire_upgraded":1,"win_rate":0,"timestamp":1552420705,"path_taken":["M","M","?","?","?","R","E","M"],"build_version":"2019-02-06","purchased_purges":0,"victory":false,"max_hp_per_floor":[72,72,72,72,72,72,72,72],"card_choices":[{"not_picked":["Outmaneuver","Reflex"],"picked":"Dodge and Roll","floor":1},{"not_picked":["Flying Knee","Catalyst"],"picked":"Infinite Blades","floor":2},{"not_picked":["Calculated Gamble","Backstab"],"picked":"Dash","floor":4},{"not_picked":["Slice","Endless Agony"],"picked":"Terror","floor":7}],"player_experience":5141024,"relics_obtained":[{"floor":7,"key":"Lantern"}],"event_choices":[{"damage_healed":0,"gold_gain":0,"player_choice":"Rummage","damage_taken":0,"relics_obtained":["WarpedTongs"],"max_hp_gain":0,"max_hp_loss":0,"event_name":"Accursed Blacksmith","floor":3,"gold_loss":0,"cards_obtained":["Pain"]},{"damage_healed":24,"gold_gain":0,"player_choice":"Banana","damage_taken":0,"max_hp_gain":0,"max_hp_loss":0,"event_name":"Big Fish","floor":5,"gold_loss":0}],"is_beta":true,"boss_relics":[],"items_purged_floors":[],"is_endless":false,"potions_floor_spawned":[7],"killed_by":"Gremlin Gang","ascension_level":20}