{"gold_per_floor":[110,110,123,123,137,170,170,235,262,262,285,210,243,260,260,334,334,351,375,387,399,428,473,276,308,333,333,365,375,375,139,139,211,211,224,67,83,164,181,211,211,45,45,75,87,87,114,145,145,145,145,145,145,21,51,51],"floor_reached":57,"playtime":4041,"items_purged":["Perfected Strike+1","Strike_R+1"],"score":2774,"play_id":"b4689704-93c6-4d40-ac57-7aea04849ebc","local_time":"20190317145625","is_ascension_mode":true,"campfire_choices":[{"data":"Perfected Strike","floor":7,"key":"SMITH"},{"floor":10,"key":"REST"},{"floor":15,"key":"REST"},{"floor":27,"key":"REST"},{"floor":32,"key":"RECALL"},{"floor":41,"key":"REST"},{"floor":46,"key":"REST"},{"floor":49,"key":"REST"},{"floor":53,"key":"REST"}],"neow_cost":"NONE","seed_source_timestamp":12721007220656,"circlet_count":0,"master_deck":["AscendersBane","Strike_R+1","Defend_R+1","Defend_R+1","Defend_R+1","Defend_R+1","Bash+1","Twin Strike","Shrug It Off+1","Offering","Headbutt","Impervious","Clothesline+1","Body Slam+1","Reaper+1","Rampage+1","Burning Pact","Disarm","Reaper","Metallicize","Shrug It Off","True Grit","Feel No Pain","Demon Form","Thunderclap","Spot Weakness+1","Seeing Red","Anger+1","Dual Wield","Armaments+1","Spot Weakness","Sword Boomerang","Corruption"],"relics":["Burning Blood","Regal Pillow","Bronze Scales","Tiny Chest","Strawberry","Ancient Tea Set","Fusion Hammer","MawBank","PreservedInsect","Whetstone","Centennial Puzzle","Mummified Hand","Runic Pyramid","Red Skull","Sundial","Ornamental Fan","Pen Nib","Pear","Lantern","Potion Belt","Pocketwatch","Boot"],"potions_floor_usage":[8,16,18,23,56,56,56],"damage_taken":[{"damage":4,"enemies":"Small Slimes","floor":1,"turns":3},{"damage":7,"enemies":"Jaw Worm","floor":3,"turns":3},{"damage":6,"enemies":"2 Louse","floor":5,"turns":3},{"damage":32,"enemies":"Gremlin Nob","floor":6,"turns":4},{"damage":27,"enemies":"Lagavulin","floor":8,"turns":6},{"damage":30,"enemies":"3 Sentries","floor":13,"turns":9},{"damage":14,"enemies":"Blue Slaver","floor":14,"turns":3},{"damage":31,"enemies":"Slime Boss","floor":16,"turns":7},{"damage":14,"enemies":"Chosen","floor":18,"turns":5},{"damage":3,"enemies":"2 Thieves","floor":22,"turns":4},{"damage":16,"enemies":"Book of Stabbing","floor":23,"turns":4},{"damage":39,"enemies":"Slavers","floor":25,"turns":5},{"damage":15,"enemies":"Gremlin Leader","floor":28,"turns":4},{"damage":12,"enemies":"Chosen and Byrds","floor":29,"turns":3},{"damage":21,"enemies":"Champ","floor":33,"turns":12},{"damage":10,"enemies":"3 Shapes","floor":35,"turns":6},{"damage":23,"enemies":"3 Darklings","floor":37,"turns":5},{"damage":41,"enemies":"Sphere and 2 Shapes","floor":39,"turns":9},{"damage":14,"enemies":"Nemesis","floor":40,"turns":9},{"damage":12,"enemies":"Giant Head","floor":44,"turns":5},{"damage":16,"enemies":"Spire Growth","floor":45,"turns":5},{"damage":13,"enemies":"Nemesis","floor":48,"turns":7},{"damage":40,"enemies":"Time Eater","floor":50,"turns":14},{"damage":91,"enemies":"Donu and Deca","floor":51,"turns":9},{"damage":68,"enemies":"Shield and Spear","floor":55,"turns":9},{"damage":46,"enemies":"The Heart","floor":56,"turns":8}],"seed_played":"-1011989867802001480","potions_obtained":[{"floor":1,"key":"LiquidBronze"},{"floor":6,"key":"Strength Potion"},{"floor":13,"key":"Ancient Potion"},{"floor":14,"key":"PowerPotion"},{"floor":18,"key":"PowerPotion"},{"floor":23,"key":"Swift Potion"},{"floor":29,"key":"GamblersBrew"},{"floor":44,"key":"PowerPotion"},{"floor":48,"key":"Poison Potion"}],"is_trial":false,"path_per_floor":["M","?","M","?","M","E","R","E","T","R","T","?","E","M","R","B",null,"M","T","?","?","M","E","$","E","T","R","E","M","?","$","R","B",null,"M","$","M","T","M","E","R","$","T","E","M","R","T","E","R","B","B",null,"R","$","E","B",null],"character_chosen":"IRONCLAD","items_purchased":["Rampage","Burning Pact","Disarm","Shrug It Off","True Grit","Feel No Pain","Red Skull","Pen Nib","Sword Boomerang"],"campfire_rested":7,"item_purchase_floors":[24,24,24,31,31,31,36,42,54],"current_hp_per_floor":[70,63,62,62,62,36,36,15,15,52,59,59,35,27,66,41,72,64,64,64,64,67,57,57,36,36,75,79,79,79,79,79,67,78,82,82,82,82,82,78,82,82,92,92,92,92,92,92,92,92,92,92,92,92,92,92],"gold":51,"neow_bonus":"RANDOM_COMMON_RELIC","is_prod":false,"is_daily":false,"chose_seed":false,"campfire_upgraded":1,"win_rate":0,"timestamp":1552859785,"path_taken":["M","?","M","?","M","E","R","E","T","R","?","?","E","?","R","BOSS","M","?","?","?","?","E","$","E","T","R","E","M","?","$","R","BOSS","M","$","M","?","M","E","R","?","T","E","M","R","?","E","R","BOSS","BOSS","R","$","E","BOSS"],"build_version":"2019-03-15","purchased_purges":2,"victory":true,"max_hp_per_floor":[75,75,75,75,75,75,75,75,75,75,82,82,82,82,82,82,82,82,82,82,82,82,82,82,82,82,82,82,82,82,82,82,82,82,82,82,82,82,82,82,82,82,92,92,92,92,92,92,92,92,92,92,92,92,92,92],"card_choices":[{"not_picked":["Ghostly Armor","True Grit"],"picked":"Twin Strike","floor":1},{"not_picked":["Infernal Blade","Shrug It Off"],"picked":"Perfected Strike","floor":3},{"not_picked":["Bloodletting","Ghostly Armor"],"picked":"Shrug It Off","floor":5},{"not_picked":["Twin Strike","Searing Blow","Reckless Charge"],"picked":"SKIP","floor":6},{"not_picked":["Entrench","Pommel Strike"],"picked":"Offering","floor":8},{"not_picked":["Thunderclap","Whirlwind"],"picked":"Headbutt","floor":13},{"not_picked":["Sword Boomerang","Body Slam","Iron Wave"],"picked":"SKIP","floor":14},{"not_picked":["Exhume","Dark Embrace"],"picked":"Impervious","floor":16},{"not_picked":["Power Through","Reckless Charge"],"picked":"Clothesline+1","floor":18},{"not_picked":["Clash","Clothesline"],"picked":"Body Slam+1","floor":22},{"not_picked":["Pommel Strike","Carnage"],"picked":"Reaper","floor":23},{"not_picked":["Body Slam","Heavy Blade","Juggernaut"],"picked":"SKIP","floor":25},{"not_picked":["Blood for Blood","Clothesline"],"picked":"Reaper","floor":28},{"not_picked":["Pummel+1","Flex"],"picked":"Metallicize","floor":29},{"not_picked":["Fiend Fire","Exhume"],"picked":"Demon Form","floor":33},{"not_picked":["Hemokinesis","True Grit"],"picked":"Thunderclap","floor":35},{"not_picked":["Cleave","Inflame"],"picked":"Spot Weakness+1","floor":37},{"not_picked":["Sentinel","Evolve"],"picked":"Seeing Red","floor":39},{"not_picked":["Iron Wave","Immolate"],"picked":"Anger+1","floor":40},{"not_picked":["Perfected Strike","True Grit"],"picked":"Dual Wield","floor":44},{"not_picked":["Wild Strike","Carnage"],"picked":"Armaments+1","floor":45},{"not_picked":["Clash","Whirlwind"],"picked":"Spot Weakness","floor":48},{"not_picked":["Rupture","Body Slam"],"picked":"Corruption","floor":55}],"player_experience":5217854,"relics_obtained":[{"floor":6,"key":"Bronze Scales"},{"floor":8,"key":"Tiny Chest"},{"floor":11,"key":"Strawberry"},{"floor":13,"key":"Ancient Tea Set"},{"floor":19,"key":"MawBank"},{"floor":23,"key":"PreservedInsect"},{"floor":25,"key":"Whetstone"},{"floor":26,"key":"Centennial Puzzle"},{"floor":28,"key":"Mummified Hand"},{"floor":38,"key":"Sundial"},{"floor":40,"key":"Ornamental Fan"},{"floor":43,"key":"Pear"},{"floor":44,"key":"Lantern"},{"floor":47,"key":"Potion Belt"},{"floor":48,"key":"Pocketwatch"},{"floor":55,"key":"Boot"}],"event_choices":[{"cards_removed":["Strike_R"],"damage_healed":0,"gold_gain":0,"player_choice":"Card Removal","damage_taken":7,"max_hp_gain":0,"max_hp_loss":0,"event_name":"Golden Wing","floor":2,"gold_loss":0},{"damage_healed":0,"gold_gain":0,"player_choice":"Grow","damage_taken":0,"max_hp_gain":0,"max_hp_loss":0,"event_name":"Living Wall","floor":4,"gold_loss":0,"cards_upgraded":["Bash"]},{"cards_removed":["Strike_R"],"damage_healed":0,"gold_gain":0,"player_choice":"Card Removal","damage_taken":0,"max_hp_gain":0,"max_hp_loss":0,"event_name":"The Cleric","floor":12,"gold_loss":75},{"damage_healed":0,"gold_gain":0,"player_choice":"Simplicity","damage_taken":0,"max_hp_gain":0,"max_hp_loss":0,"event_name":"Back to Basics","floor":20,"gold_loss":0,"cards_upgraded":["Strike_R","Strike_R","Strike_R","Defend_R","Defend_R","Defend_R","Defend_R"]},{"damage_healed":0,"gold_gain":0,"player_choice":"Upgraded","damage_taken":0,"max_hp_gain":0,"max_hp_loss":0,"event_name":"Upgrade Shrine","floor":21,"gold_loss":0,"cards_upgraded":["Shrug It Off"]},{"cards_removed":["Strike_R"],"damage_healed":0,"gold_gain":0,"player_choice":"Offered Basic","damage_taken":0,"max_hp_gain":0,"max_hp_loss":0,"event_name":"Bonfire Elementals","floor":30,"gold_loss":0}],"is_beta":true,"boss_relics":[{"not_picked":["White Beast Statue","Ectoplasm"],"picked":"Fusion Hammer"},{"not_picked":["Philosopher\u0027s Stone","Calling Bell"],"picked":"Runic Pyramid"}],"items_purged_floors":[31,54],"is_endless":false,"potions_floor_spawned":[1,6,13,14,18,23,29,35,44,48],"ascension_level":20}