{"gold_per_floor":[112,187,202,220,4,4,29,48,117,175,193,343,360,25,25,97,97,109,109,9,19,32,60,60,91,91,122,122,47,57,71,71,144,144,157,202,202,218,218,249,260,293,341,341,367,367,367,85,85,85,85,85,85,44,77,77],"floor_reached":57,"playtime":6643,"items_purged":["Strike_B","Doubt"],"score":2971,"play_id":"a51feecd-d417-45b8-8076-b6222014cf0b","local_time":"20190316150747","is_ascension_mode":true,"campfire_choices":[{"data":"Lockon","floor":6,"key":"SMITH"},{"data":"Defragment","floor":15,"key":"SMITH"},{"data":"Fission","floor":24,"key":"SMITH"},{"data":"Recycle","floor":28,"key":"SMITH"},{"data":"Seek","floor":32,"key":"SMITH"},{"data":"Strike_B","floor":44,"key":"PURGE"},{"floor":47,"key":"RECALL"},{"data":"Strike_B","floor":49,"key":"PURGE"},{"data":"Ball Lightning","floor":53,"key":"PURGE"}],"neow_cost":"NONE","seed_source_timestamp":63881085610942,"circlet_count":0,"master_deck":["AscendersBane","Defend_B","Defend_B","Defend_B","Defend_B","Zap+1","Dualcast","Lockon+1","Glacier","Self Repair","Coolheaded","Fission+1","Ball Lightning","White Noise","Hologram+1","Coolheaded","Defragment+1","Echo Form","Recycle+1","Ball Lightning+1","Sweeping Beam+1","Coolheaded+1","Seek+1","Loop+1","Doom and Gloom","Glacier","Apotheosis","Dark Shackles","Reinforced Body","Heatsinks+1","Storm+1"],"relics":["FrozenCore","Dead Branch","Question Card","Anchor","ClockworkSouvenir","Busted Crown","Sundial","Gremlin Horn","Frozen Egg 2","StoneCalendar","Peace Pipe","War Paint","Bag of Preparation","Happy Flower","Centennial Puzzle","Bottled Tornado","Vajra"],"potions_floor_usage":[11,23,23,36,55,56],"damage_taken":[{"damage":4,"enemies":"2 Louse","floor":1,"turns":2},{"damage":0,"enemies":"Jaw Worm","floor":3,"turns":3},{"damage":0,"enemies":"Small Slimes","floor":4,"turns":4},{"damage":11,"enemies":"Lagavulin","floor":7,"turns":7},{"damage":7,"enemies":"Exordium Wildlife","floor":8,"turns":4},{"damage":23,"enemies":"Lagavulin Event","floor":10,"turns":6},{"damage":4,"enemies":"2 Fungi Beasts","floor":11,"turns":3},{"damage":0,"enemies":"Large Slime","floor":13,"turns":6},{"damage":19,"enemies":"The Guardian","floor":16,"turns":12},{"damage":0,"enemies":"Chosen","floor":18,"turns":5},{"damage":0,"enemies":"3 Byrds","floor":21,"turns":6},{"damage":0,"enemies":"Shelled Parasite and Fungi","floor":22,"turns":5},{"damage":11,"enemies":"Slavers","floor":23,"turns":3},{"damage":30,"enemies":"Book of Stabbing","floor":25,"turns":5},{"damage":9,"enemies":"Gremlin Leader","floor":27,"turns":4},{"damage":0,"enemies":"Sentry and Sphere","floor":30,"turns":4},{"damage":0,"enemies":"Snecko","floor":31,"turns":4},{"damage":0,"enemies":"Champ","floor":33,"turns":10},{"damage":0,"enemies":"3 Shapes","floor":35,"turns":6},{"damage":0,"enemies":"2 Orb Walkers","floor":36,"turns":4},{"damage":0,"enemies":"Orb Walker","floor":38,"turns":3},{"damage":0,"enemies":"Nemesis","floor":40,"turns":9},{"damage":20,"enemies":"Writhing Mass","floor":41,"turns":10},{"damage":5,"enemies":"Giant Head","floor":42,"turns":13},{"damage":0,"enemies":"Reptomancer","floor":45,"turns":2},{"damage":12,"enemies":"Time Eater","floor":50,"turns":18},{"damage":21,"enemies":"Awakened One","floor":51,"turns":25},{"damage":20,"enemies":"Shield and Spear","floor":55,"turns":12},{"damage":27,"enemies":"The Heart","floor":56,"turns":11}],"seed_played":"-446283036187648631","potions_obtained":[{"floor":1,"key":"Explosive Potion"},{"floor":4,"key":"GamblersBrew"},{"floor":11,"key":"Energy Potion"},{"floor":25,"key":"FocusPotion"},{"floor":27,"key":"SteroidPotion"},{"floor":30,"key":"GamblersBrew"},{"floor":36,"key":"SteroidPotion"},{"floor":40,"key":"LiquidBronze"}],"is_trial":false,"path_per_floor":["M","?","M","M","$","R","E","M","T","?","M","?","M","$","R","B",null,"M","?","$","M","M","E","R","E","T","E","R","?","M","M","R","B",null,"M","?","?","M","?","E","M","E","T","R","E","T","R","$","R","B","B",null,"R","$","E","B",null],"character_chosen":"DEFECT","items_purchased":["Self Repair","Coolheaded","Coolheaded","Defragment","ClockworkSouvenir","Bottled Tornado","Storm+1"],"campfire_rested":0,"item_purchase_floors":[5,5,14,14,14,48,54],"current_hp_per_floor":[60,49,49,49,49,49,45,45,45,29,32,32,39,39,39,27,60,67,67,67,71,71,67,67,51,51,42,42,42,49,56,56,63,69,71,71,67,67,57,64,64,67,67,67,67,67,67,67,67,67,56,64,64,64,64,37],"gold":77,"neow_bonus":"UPGRADE_CARD","is_prod":false,"is_daily":false,"chose_seed":false,"campfire_upgraded":5,"win_rate":0,"timestamp":1552774067,"path_taken":["M","?","M","M","$","R","E","M","T","?","M","?","?","$","R","BOSS","M","?","$","M","M","E","R","E","T","E","R","?","?","?","R","BOSS","M","?","?","M","?","E","?","E","T","R","E","?","R","$","R","BOSS","BOSS","R","$","E","BOSS"],"build_version":"2019-03-15","purchased_purges":2,"victory":true,"max_hp_per_floor":[71,71,71,71,71,71,71,71,71,71,71,71,71,71,71,71,71,71,71,71,71,71,71,71,71,71,71,71,71,71,71,71,71,71,71,71,67,67,67,67,67,67,67,67,67,67,67,67,67,67,67,67,67,67,67,67],"card_choices":[{"not_picked":["Go for the Eyes","Redo"],"picked":"Lockon","floor":1},{"not_picked":["Gash","Chill"],"picked":"Glacier","floor":3},{"not_picked":["Go for the Eyes","Storm"],"picked":"Ball Lightning","floor":4},{"not_picked":["Rebound","Hologram"],"picked":"Fission","floor":7},{"not_picked":["Sunder","Auto Shields"],"picked":"Ball Lightning","floor":8},{"not_picked":["Turbo","Hologram","Heatsinks"],"picked":"White Noise","floor":10},{"not_picked":["Cold Snap","Go for the Eyes","Streamline","Barrage"],"picked":"SKIP","floor":11},{"not_picked":["Ball Lightning","Steam","Turbo"],"picked":"Hologram","floor":13},{"not_picked":["Buffer","All For One","Electrodynamics"],"picked":"Echo Form","floor":16},{"not_picked":["Sunder","Streamline"],"picked":"SKIP","floor":18},{"not_picked":["Force Field"],"picked":"Ball Lightning+1","floor":21},{"not_picked":["Gash+1"],"picked":"Sweeping Beam+1","floor":22},{"not_picked":["Hologram"],"picked":"Coolheaded","floor":23},{"not_picked":["Stack","Turbo"],"picked":"SKIP","floor":25},{"not_picked":["Aggregate"],"picked":"Seek","floor":27},{"not_picked":["Reprogram","Storm+1"],"picked":"SKIP","floor":30},{"not_picked":["Turbo"],"picked":"Loop+1","floor":31},{"not_picked":["Ball Lightning"],"picked":"Doom and Gloom","floor":35},{"not_picked":["Conserve Battery"],"picked":"Glacier","floor":36},{"not_picked":["Self Repair+1","Cold Snap"],"picked":"SKIP","floor":38},{"not_picked":["Finesse"],"picked":"Apotheosis","floor":39},{"not_picked":["Panache+1"],"picked":"Dark Shackles","floor":39},{"not_picked":["Gash","Chaos"],"picked":"SKIP","floor":40},{"not_picked":["Barrage"],"picked":"Reinforced Body","floor":41},{"not_picked":["Sweeping Beam","Go for the Eyes+1"],"picked":"SKIP","floor":42},{"not_picked":["Meteor Strike"],"picked":"Heatsinks+1","floor":45},{"not_picked":["Stack","Sweeping Beam"],"picked":"SKIP","floor":55}],"player_experience":5196833,"relics_obtained":[{"floor":7,"key":"Dead Branch"},{"floor":9,"key":"Question Card"},{"floor":10,"key":"Anchor"},{"floor":23,"key":"Sundial"},{"floor":25,"key":"Gremlin Horn"},{"floor":26,"key":"Frozen Egg 2"},{"floor":27,"key":"StoneCalendar"},{"floor":36,"key":"Peace Pipe"},{"floor":40,"key":"War Paint"},{"floor":42,"key":"Bag of Preparation"},{"floor":45,"key":"Happy Flower"},{"floor":46,"key":"Centennial Puzzle"},{"floor":55,"key":"Vajra"}],"event_choices":[{"damage_healed":0,"gold_gain":75,"player_choice":"Gather Gold","damage_taken":11,"max_hp_gain":0,"max_hp_loss":0,"event_name":"World of Goop","floor":2,"gold_loss":0},{"damage_healed":0,"gold_gain":0,"player_choice":"Searched \u00272\u0027 times","damage_taken":0,"max_hp_gain":0,"max_hp_loss":0,"event_name":"Dead Adventurer","floor":10,"gold_loss":0},{"damage_healed":0,"gold_gain":150,"player_choice":"AGREE","damage_taken":0,"max_hp_gain":0,"max_hp_loss":0,"event_name":"Liars Game","floor":12,"gold_loss":0,"cards_obtained":["Doubt"]},{"damage_healed":0,"gold_gain":0,"player_choice":"Read","damage_taken":0,"max_hp_gain":0,"max_hp_loss":0,"event_name":"The Library","floor":19,"gold_loss":0,"cards_obtained":["Recycle"]},{"cards_removed":["Strike_B"],"damage_healed":0,"gold_gain":0,"player_choice":"Gave Gold","damage_taken":0,"max_hp_gain":0,"max_hp_loss":0,"event_name":"Beggar","floor":29,"gold_loss":75},{"damage_healed":0,"gold_gain":0,"player_choice":"Fight","damage_taken":0,"max_hp_gain":0,"max_hp_loss":0,"event_name":"Mysterious Sphere","floor":36,"gold_loss":0},{"damage_healed":0,"gold_gain":0,"player_choice":"Max HP","damage_taken":0,"max_hp_gain":0,"max_hp_loss":4,"event_name":"Winding Halls","floor":37,"gold_loss":0},{"damage_healed":0,"gold_gain":0,"player_choice":"Memory 3","damage_taken":10,"max_hp_gain":0,"max_hp_loss":0,"event_name":"SensoryStone","floor":39,"gold_loss":0}],"is_beta":true,"boss_relics":[{"not_picked":["Nuclear Battery","Eternal Feather"],"picked":"Busted Crown"},{"not_picked":["Tiny House","Fusion Hammer"],"picked":"FrozenCore"}],"items_purged_floors":[5,20],"is_endless":false,"potions_floor_spawned":[1,4,10,11,25,27,30,33,36,40],"ascension_level":20}