{"gold_per_floor":[114,124,199,199,199,199,233,233,315,325,341,358,374,57,57,133,133,148,5,24,55,55,81,81,98,98,110,110,124,158,158,158,229,229,247,264,284,330,340,374,374,409,435,435,435,435,450,13,13,13,13],"floor_reached":51,"playtime":3320,"items_purged":["Strike_R","Strike_R"],"score":1469,"play_id":"bcc7d785-b218-4912-a22f-b957a621d926","local_time":"20190315170013","is_ascension_mode":true,"campfire_choices":[{"data":"Bash","floor":6,"key":"SMITH"},{"data":"Juggernaut","floor":15,"key":"SMITH"},{"floor":24,"key":"REST"},{"data":"True Grit","floor":28,"key":"SMITH"},{"floor":32,"key":"REST"},{"data":"Offering","floor":41,"key":"SMITH"},{"floor":46,"key":"RECALL"},{"floor":49,"key":"REST"}],"neow_cost":"NONE","seed_source_timestamp":367768866756349,"circlet_count":0,"master_deck":["AscendersBane","Strike_R+1","Strike_R+1","Defend_R+1","Defend_R+1","Defend_R+1","Defend_R+1","True Grit+1","Wild Strike","Whirlwind","Burning Pact+1","Juggernaut+1","Spot Weakness","Shrug It Off+1","Corruption","Sword Boomerang","Immolate","Flame Barrier","Clothesline+1","Spot Weakness","Sentinel+1","Offering+1","Flame Barrier","Shockwave","Shrug It Off","Apotheosis"],"relics":["Burning Blood","Thread and Needle","Bag of Preparation","Self Forming Clay","Runic Dome","Red Mask","Darkstone Periapt","Ice Cream","War Paint","Orrery","Magic Flower","Centennial Puzzle","Oddly Smooth Stone","Bag of Marbles","OrangePellets"],"potions_floor_usage":[13,16,16,20,21,23,23,23,40],"damage_taken":[{"damage":6,"enemies":"Cultist","floor":1,"turns":3},{"damage":5,"enemies":"Small Slimes","floor":2,"turns":5},{"damage":46,"enemies":"Gremlin Nob","floor":7,"turns":5},{"damage":0,"enemies":"2 Louse","floor":10,"turns":1},{"damage":2,"enemies":"Looter","floor":11,"turns":3},{"damage":0,"enemies":"Blue Slaver","floor":12,"turns":5},{"damage":0,"enemies":"Lots of Slimes","floor":13,"turns":2},{"damage":17,"enemies":"Hexaghost","floor":16,"turns":9},{"damage":15,"enemies":"Spheric Guardian","floor":18,"turns":4},{"damage":5,"enemies":"Shell Parasite","floor":20,"turns":5},{"damage":18,"enemies":"Masked Bandits","floor":21,"turns":3},{"damage":60,"enemies":"Gremlin Leader","floor":23,"turns":7},{"damage":6,"enemies":"Snecko","floor":25,"turns":4},{"damage":13,"enemies":"Sentry and Sphere","floor":27,"turns":4},{"damage":8,"enemies":"3 Cultists","floor":29,"turns":3},{"damage":1,"enemies":"Book of Stabbing","floor":30,"turns":3},{"damage":29,"enemies":"Collector","floor":33,"turns":7},{"damage":8,"enemies":"3 Shapes","floor":35,"turns":5},{"damage":0,"enemies":"Orb Walker","floor":36,"turns":3},{"damage":21,"enemies":"Jaw Worm Horde","floor":37,"turns":3},{"damage":22,"enemies":"2 Orb Walkers","floor":38,"turns":4},{"damage":6,"enemies":"Writhing Mass","floor":39,"turns":3},{"damage":7,"enemies":"Reptomancer","floor":40,"turns":4},{"damage":6,"enemies":"Giant Head","floor":42,"turns":4},{"damage":6,"enemies":"3 Darklings","floor":47,"turns":2},{"damage":72,"enemies":"Time Eater","floor":50,"turns":11},{"damage":18,"enemies":"Awakened One","floor":51,"turns":2}],"seed_played":"4713420246912852678","potions_obtained":[{"floor":7,"key":"Explosive Potion"},{"floor":11,"key":"Strength Potion"},{"floor":13,"key":"SkillPotion"},{"floor":16,"key":"Weak Potion"},{"floor":18,"key":"EntropicBrew"},{"floor":20,"key":"Regen Potion"},{"floor":25,"key":"Fire Potion"},{"floor":27,"key":"SpeedPotion"},{"floor":38,"key":"PowerPotion"}],"is_trial":false,"path_per_floor":["M","M","?","?","?","R","E","T","T","M","M","M","M","$","R","B",null,"M","$","M","?","?","E","R","M","T","M","R","M","E","?","R","B",null,"M","M","M","?","M","E","R","E","T","?","$","R","M","$","R","B","B"],"character_chosen":"IRONCLAD","items_purchased":["Spot Weakness","Shrug It Off","Corruption","Sword Boomerang","Flame Barrier","OrangePellets","Apotheosis"],"campfire_rested":3,"item_purchase_floors":[14,14,14,14,19,48,48],"current_hp_per_floor":[68,69,58,53,58,58,18,18,18,24,28,34,40,40,40,29,67,58,58,59,56,56,22,46,46,46,39,39,37,42,19,44,21,69,67,73,58,42,45,47,47,50,50,50,50,50,53,53,78,15,0],"gold":13,"neow_bonus":"REMOVE_CARD","is_prod":false,"is_daily":false,"chose_seed":false,"campfire_upgraded":4,"win_rate":0,"timestamp":1552694413,"path_taken":["M","?","?","?","?","R","E","?","T","?","M","?","M","$","R","BOSS","M","$","M","?","?","E","R","M","T","M","R","?","E","?","R","BOSS","M","M","M","?","M","E","R","E","T","?","?","R","?","$","R","BOSS","BOSS"],"build_version":"2019-02-06","purchased_purges":2,"victory":false,"max_hp_per_floor":[75,75,75,75,80,80,80,80,80,80,80,80,80,80,80,80,80,80,80,80,80,80,80,80,80,80,80,80,80,80,85,85,85,85,85,85,85,85,85,85,85,85,85,85,85,85,85,85,85,85,85],"card_choices":[{"not_picked":["Body Slam","Flex"],"picked":"True Grit","floor":1},{"not_picked":["Heavy Blade","Dropkick"],"picked":"Wild Strike","floor":2},{"not_picked":["Dropkick","True Grit"],"picked":"Whirlwind","floor":7},{"not_picked":["Pummel","Flex"],"picked":"Burning Pact","floor":10},{"not_picked":["Dropkick","Sever Soul","Armaments"],"picked":"SKIP","floor":11},{"not_picked":["Blood for Blood","Headbutt","Warcry"],"picked":"SKIP","floor":12},{"not_picked":["Burning Pact","Power Through"],"picked":"Juggernaut","floor":13},{"not_picked":["Brutality","Demon Form"],"picked":"Immolate","floor":16},{"not_picked":["Dropkick","Pummel","Body Slam"],"picked":"SKIP","floor":18},{"not_picked":["Seeing Red","Twin Strike+1","Power Through"],"picked":"SKIP","floor":20},{"not_picked":["Flex","Dual Wield"],"picked":"Clothesline+1","floor":21},{"not_picked":["Entrench","Pommel Strike","Thunderclap"],"picked":"SKIP","floor":23},{"not_picked":["Warcry","Flex+1"],"picked":"Spot Weakness","floor":25},{"not_picked":["Heavy Blade","Body Slam","Evolve"],"picked":"SKIP","floor":27},{"not_picked":["Rampage","Anger"],"picked":"Sentinel+1","floor":29},{"not_picked":["Spot Weakness","Ghostly Armor","Flex"],"picked":"SKIP","floor":30},{"not_picked":["Dark Embrace","Berserk"],"picked":"Offering","floor":33},{"not_picked":["Ghostly Armor+1","Twin Strike","Perfected Strike"],"picked":"SKIP","floor":35},{"not_picked":["Infernal Blade","Iron Wave","Pummel+1"],"picked":"SKIP","floor":36},{"not_picked":["True Grit","Sword Boomerang"],"picked":"Flame Barrier","floor":37},{"not_picked":["Corruption","Clash+1"],"picked":"Shockwave","floor":39},{"not_picked":["Double Tap","Clash+1","Sword Boomerang"],"picked":"SKIP","floor":40},{"not_picked":["Pommel Strike","Twin Strike+1","Seeing Red"],"picked":"SKIP","floor":42},{"not_picked":["Pummel","Whirlwind"],"picked":"Shrug It Off","floor":47}],"player_experience":5191123,"relics_obtained":[{"floor":7,"key":"Bag of Preparation"},{"floor":8,"key":"Self Forming Clay"},{"floor":21,"key":"Red Mask"},{"floor":23,"key":"Darkstone Periapt"},{"floor":26,"key":"Ice Cream"},{"floor":30,"key":"War Paint"},{"floor":38,"key":"Magic Flower"},{"floor":40,"key":"Centennial Puzzle"},{"floor":42,"key":"Oddly Smooth Stone"},{"floor":43,"key":"Bag of Marbles"}],"event_choices":[{"damage_healed":0,"gold_gain":75,"player_choice":"Gather Gold","damage_taken":11,"max_hp_gain":0,"max_hp_loss":0,"event_name":"World of Goop","floor":3,"gold_loss":0},{"damage_healed":0,"gold_gain":0,"player_choice":"Success","damage_taken":5,"relics_obtained":["Thread and Needle"],"max_hp_gain":0,"max_hp_loss":0,"event_name":"Scrap Ooze","floor":4,"gold_loss":0},{"damage_healed":0,"gold_gain":0,"player_choice":"Donut","damage_taken":0,"max_hp_gain":5,"max_hp_loss":0,"event_name":"Big Fish","floor":5,"gold_loss":0},{"damage_healed":0,"gold_gain":0,"player_choice":"Fought Bandits","damage_taken":0,"max_hp_gain":0,"max_hp_loss":0,"event_name":"Masked Bandits","floor":21,"gold_loss":0},{"damage_healed":0,"gold_gain":0,"player_choice":"Simplicity","damage_taken":0,"max_hp_gain":0,"max_hp_loss":0,"event_name":"Back to Basics","floor":22,"gold_loss":0,"cards_upgraded":["Strike_R","Strike_R","Defend_R","Defend_R","Defend_R","Defend_R"]},{"damage_healed":0,"gold_gain":0,"player_choice":"Shed Blood","damage_taken":28,"max_hp_gain":5,"max_hp_loss":0,"event_name":"Forgotten Altar","floor":31,"gold_loss":0},{"damage_healed":0,"gold_gain":0,"player_choice":"Fight","damage_taken":0,"max_hp_gain":0,"max_hp_loss":0,"event_name":"Mysterious Sphere","floor":38,"gold_loss":0},{"cards_removed":["Bash"],"damage_healed":0,"gold_gain":0,"player_choice":"Removed Attack","damage_taken":0,"max_hp_gain":0,"max_hp_loss":0,"event_name":"Falling","floor":44,"gold_loss":0}],"is_beta":true,"boss_relics":[{"not_picked":["White Beast Statue","Tiny House"],"picked":"Runic Dome"},{"not_picked":["Eternal Feather","Black Blood"],"picked":"Orrery"}],"items_purged_floors":[14,19],"is_endless":false,"potions_floor_spawned":[7,11,12,13,16,18,20,25,27,36,37,38],"killed_by":"Awakened One","ascension_level":20}