{"gold_per_floor":[119,119,119,140,65,103,124,165,165,190,190,209,233,271,271,366,366,386,44,44,44,1,1,35,56,80,121,135,155,7,7,7,7],"floor_reached":33,"playtime":2211,"items_purged":["Strike_R","Strike_R+1"],"score":610,"play_id":"51668653-c1bc-435a-9c05-6d0e6788a083","local_time":"20190314130531","is_ascension_mode":true,"campfire_choices":[{"data":"Bash","floor":11,"key":"SMITH"},{"floor":15,"key":"REST"},{"floor":23,"key":"REST"},{"floor":32,"key":"RECALL"}],"neow_cost":"NONE","seed_source_timestamp":268393226702986,"circlet_count":0,"master_deck":["AscendersBane","Strike_R+1","Strike_R+1","Strike_R+1","Defend_R+1","Defend_R+1","Defend_R+1","Defend_R+1","Bash+1","Uppercut","Anger","Shrug It Off","Spot Weakness","Feel No Pain","Shrug It Off","Feel No Pain","Shrug It Off","Disarm","Reaper","Inflame","Headbutt","Spot Weakness","Inflame"],"relics":["Burning Blood","Bloody Idol","Pear","Mummified Hand","Question Card","The Courier","Art of War","Fusion Hammer","Self Forming Clay","PreservedInsect","Dodecahedron","Omamori","Bag of Marbles"],"potions_floor_usage":[6,8,14,14,24,27,33],"damage_taken":[{"damage":7,"enemies":"Small Slimes","floor":1,"turns":6},{"damage":4,"enemies":"2 Louse","floor":4,"turns":4},{"damage":8,"enemies":"Gremlin Nob","floor":6,"turns":3},{"damage":7,"enemies":"Jaw Worm","floor":7,"turns":4},{"damage":22,"enemies":"Lagavulin","floor":8,"turns":6},{"damage":1,"enemies":"Exordium Wildlife","floor":10,"turns":4},{"damage":11,"enemies":"2 Fungi Beasts","floor":12,"turns":4},{"damage":4,"enemies":"Large Slime","floor":13,"turns":5},{"damage":37,"enemies":"Gremlin Nob","floor":14,"turns":5},{"damage":35,"enemies":"Hexaghost","floor":16,"turns":9},{"damage":5,"enemies":"Chosen","floor":18,"turns":8},{"damage":7,"enemies":"Slavers","floor":24,"turns":6},{"damage":13,"enemies":"Spheric Guardian","floor":25,"turns":4},{"damage":12,"enemies":"Gremlin Leader","floor":27,"turns":5},{"damage":2,"enemies":"Cultist and Chosen","floor":28,"turns":7},{"damage":6,"enemies":"Sentry and Sphere","floor":29,"turns":7},{"damage":88,"enemies":"Collector","floor":33,"turns":8}],"seed_played":"-6419716674789754408","potions_obtained":[{"floor":0,"key":"FearPotion"},{"floor":0,"key":"SmokeBomb"},{"floor":1,"key":"AttackPotion"},{"floor":7,"key":"Block Potion"},{"floor":8,"key":"GamblersBrew"},{"floor":18,"key":"Energy Potion"},{"floor":27,"key":"Dexterity Potion"}],"is_trial":false,"path_per_floor":["M","?","?","M","$","E","M","E","T","M","R","M","M","E","R","B",null,"M","$","?","?","$","R","E","M","T","E","M","M","$","?","R","B"],"character_chosen":"IRONCLAD","items_purchased":["Self Forming Clay","PreservedInsect","Fire Potion","Inflame"],"campfire_rested":2,"item_purchase_floors":[19,19,22,30],"current_hp_per_floor":[67,67,59,61,61,59,58,42,42,47,47,42,44,13,36,7,60,67,67,67,67,67,78,78,72,72,73,78,78,78,78,78,0],"gold":7,"neow_bonus":"THREE_SMALL_POTIONS","is_prod":false,"is_daily":false,"chose_seed":false,"campfire_upgraded":1,"win_rate":0,"timestamp":1552593931,"path_taken":["M","?","?","M","$","E","?","E","T","M","R","M","M","E","R","BOSS","M","$","?","?","?","R","E","M","T","E","M","M","$","?","R","BOSS"],"build_version":"2019-02-06","purchased_purges":2,"victory":false,"max_hp_per_floor":[75,68,78,78,78,78,78,78,78,78,78,78,78,78,78,78,78,78,78,78,78,78,78,78,78,78,78,78,78,78,78,78,78],"card_choices":[{"not_picked":["Warcry","Pummel"],"picked":"Uppercut","floor":1},{"not_picked":["Rampage","Pommel Strike"],"picked":"Anger","floor":4},{"not_picked":["Cleave","Sword Boomerang"],"picked":"Shrug It Off","floor":6},{"not_picked":["Juggernaut","Wild Strike"],"picked":"Spot Weakness","floor":7},{"not_picked":["Thunderclap","Demon Form"],"picked":"Feel No Pain","floor":8},{"not_picked":["Cleave","Thunderclap","Sentinel"],"picked":"Shrug It Off","floor":10},{"not_picked":["Entrench","Thunderclap","Armaments"],"picked":"Feel No Pain","floor":12},{"not_picked":["Twin Strike","Evolve","Armaments"],"picked":"Shrug It Off","floor":13},{"not_picked":["Sever Soul","Metallicize","Headbutt"],"picked":"Disarm","floor":14},{"not_picked":["Limit Break","Dark Embrace","Double Tap"],"picked":"Reaper","floor":16},{"not_picked":["Sentinel+1","Infernal Blade","Anger","Intimidate"],"picked":"SKIP","floor":18},{"not_picked":["Combust","Iron Wave","Rampage+1"],"picked":"Inflame","floor":24},{"not_picked":["Ghostly Armor","Cleave","Whirlwind"],"picked":"Headbutt","floor":25},{"not_picked":["Headbutt","Intimidate","Heavy Blade","Clothesline"],"picked":"SKIP","floor":27},{"not_picked":["Perfected Strike","Infernal Blade","Headbutt","Anger"],"picked":"SKIP","floor":28},{"not_picked":["Armaments","Bludgeon","Evolve"],"picked":"Spot Weakness","floor":29}],"player_experience":5165259,"relics_obtained":[{"floor":6,"key":"Mummified Hand"},{"floor":8,"key":"Question Card"},{"floor":9,"key":"The Courier"},{"floor":14,"key":"Art of War"},{"floor":24,"key":"Dodecahedron"},{"floor":26,"key":"Omamori"},{"floor":27,"key":"Bag of Marbles"}],"event_choices":[{"damage_healed":0,"gold_gain":0,"player_choice":"Lose Max HP","damage_taken":0,"relics_obtained":["Golden Idol"],"max_hp_gain":0,"max_hp_loss":7,"event_name":"Golden Idol","floor":2,"gold_loss":0},{"damage_healed":0,"gold_gain":0,"player_choice":"Success","damage_taken":18,"relics_obtained":["Pear"],"max_hp_gain":0,"max_hp_loss":0,"event_name":"Scrap Ooze","floor":3,"gold_loss":0},{"damage_healed":0,"gold_gain":0,"player_choice":"Ignored","damage_taken":0,"max_hp_gain":0,"max_hp_loss":0,"event_name":"Vampires","floor":20,"gold_loss":0},{"damage_healed":0,"gold_gain":0,"player_choice":"Simplicity","damage_taken":0,"max_hp_gain":0,"max_hp_loss":0,"event_name":"Back to Basics","floor":21,"gold_loss":0,"cards_upgraded":["Strike_R","Strike_R","Strike_R","Strike_R","Defend_R","Defend_R","Defend_R","Defend_R"]},{"damage_healed":0,"gold_gain":0,"player_choice":"Gave Idol","damage_taken":0,"relics_obtained":["Bloody Idol"],"max_hp_gain":0,"max_hp_loss":0,"event_name":"Forgotten Altar","floor":31,"relics_lost":["Golden Idol"],"gold_loss":0}],"is_beta":true,"boss_relics":[{"not_picked":["Runic Cube","Cursed Key"],"picked":"Fusion Hammer"}],"items_purged_floors":[5,30],"is_endless":false,"potions_floor_spawned":[1,7,8,10,18,27],"killed_by":"Collector","ascension_level":20}