{"gold_per_floor":[212,7,24,24,40,40,66,66,93,7,25,44,44,71,71,148,148,159,84,4,4,4,4,36,36,60,79,79,93,93,122,122,196,196,216,236,256,273,286,320,320,351,351,351,168,168,168,48,48,48,48,48,48,48,73,73],"floor_reached":56,"playtime":3802,"items_purged":["Strike_G","Strike_G"],"score":1952,"play_id":"215003c1-3c5b-45c2-aa26-ad2828f3e1e4","local_time":"20190327153255","is_ascension_mode":true,"campfire_choices":[{"data":"Neutralize","floor":6,"key":"SMITH"},{"data":"Deadly Poison","floor":8,"key":"SMITH"},{"floor":15,"key":"REST"},{"data":"Glass Knife","floor":23,"key":"SMITH"},{"data":"Footwork","floor":25,"key":"SMITH"},{"data":"Corpse Explosion","floor":30,"key":"SMITH"},{"floor":32,"key":"REST"},{"floor":46,"key":"RECALL"},{"floor":49,"key":"REST"},{"floor":53,"key":"REST"}],"neow_cost":"NONE","seed_source_timestamp":74034818774780,"circlet_count":0,"master_deck":["AscendersBane","Defend_G","Defend_G","Defend_G","Defend_G","Defend_G","Strike_G","Survivor","Neutralize+1","Deadly Poison+1","Backstab","Backflip","Dagger Throw","Dagger Throw","Glass Knife+1","Dagger Spray","Footwork+1","Terror","Corpse Explosion+1","Adrenaline","Backflip","Crippling Poison","A Thousand Cuts","PiercingWail+1","PiercingWail","Escape Plan","Apotheosis","Dark Shackles","Well Laid Plans","Leg Sweep","Acrobatics"],"relics":["Ring of the Snake","WarpedTongs","Omamori","Blood Vial","Oddly Smooth Stone","Cursed Key","Ginger","Vajra","FossilizedHelix","Black Star","Snake Skull","Anchor","Potion Belt","Bag of Marbles","Strawberry","Pear"],"potions_floor_usage":[7,14,14,18,24,31,40,55,56,56],"damage_taken":[{"damage":1,"enemies":"2 Louse","floor":1,"turns":4},{"damage":0,"enemies":"Cultist","floor":3,"turns":3},{"damage":1,"enemies":"Jaw Worm","floor":5,"turns":3},{"damage":35,"enemies":"3 Sentries","floor":7,"turns":11},{"damage":10,"enemies":"Blue Slaver","floor":11,"turns":3},{"damage":3,"enemies":"3 Louse","floor":12,"turns":2},{"damage":6,"enemies":"Lagavulin","floor":14,"turns":6},{"damage":22,"enemies":"The Guardian","floor":16,"turns":9},{"damage":14,"enemies":"2 Thieves","floor":18,"turns":4},{"damage":25,"enemies":"Slavers","floor":24,"turns":3},{"damage":0,"enemies":"Shell Parasite","floor":27,"turns":3},{"damage":0,"enemies":"Centurion and Healer","floor":29,"turns":2},{"damage":0,"enemies":"Gremlin Leader","floor":31,"turns":6},{"damage":25,"enemies":"Automaton","floor":33,"turns":9},{"damage":0,"enemies":"Orb Walker","floor":35,"turns":2},{"damage":1,"enemies":"3 Darklings","floor":36,"turns":5},{"damage":6,"enemies":"Spire Growth","floor":37,"turns":5},{"damage":3,"enemies":"Writhing Mass","floor":38,"turns":6},{"damage":0,"enemies":"4 Shapes","floor":39,"turns":5},{"damage":3,"enemies":"Reptomancer","floor":40,"turns":7},{"damage":17,"enemies":"Nemesis","floor":42,"turns":9},{"damage":10,"enemies":"Time Eater","floor":50,"turns":18},{"damage":16,"enemies":"Donu and Deca","floor":51,"turns":10},{"damage":39,"enemies":"Shield and Spear","floor":55,"turns":9},{"damage":49,"enemies":"The Heart","floor":56,"turns":5}],"seed_played":"7100806566076002466","potions_obtained":[{"floor":7,"key":"SteroidPotion"},{"floor":11,"key":"GhostInAJar"},{"floor":14,"key":"Weak Potion"},{"floor":16,"key":"Regen Potion"},{"floor":18,"key":"SpeedPotion"},{"floor":28,"key":"Dexterity Potion"},{"floor":29,"key":"Energy Potion"},{"floor":33,"key":"Poison Potion"},{"floor":42,"key":"Poison Potion"}],"is_trial":false,"path_per_floor":["M","$","M","?","M","R","E","R","T","$","M","M","?","E","R","B",null,"M","?","$","?","$","R","E","R","T","M","?","M","R","E","R","B",null,"M","M","M","M","M","E","?","E","T","?","$","R","?","$","R","B","B",null,"R","$","E","B"],"character_chosen":"THE_SILENT","items_purchased":["Backstab","Poison Potion","GhostInAJar","Footwork","GhostInAJar","Well Laid Plans","Leg Sweep"],"campfire_rested":4,"item_purchase_floors":[2,2,10,20,45,48,48],"current_hp_per_floor":[58,58,58,58,57,57,22,22,22,22,14,13,13,9,28,8,52,54,54,54,54,54,54,31,31,31,33,33,35,35,37,56,33,58,60,61,57,56,58,57,47,32,32,32,32,32,32,32,51,43,29,57,66,66,44,0],"gold":73,"neow_bonus":"HUNDRED_GOLD","is_prod":false,"is_daily":false,"chose_seed":false,"campfire_upgraded":5,"win_rate":0,"timestamp":1553725975,"path_taken":["M","$","M","?","?","R","E","R","T","?","M","?","?","E","R","BOSS","M","?","$","?","$","R","E","R","T","M","?","M","R","E","R","BOSS","M","M","M","?","M","E","?","E","T","?","$","R","?","?","R","BOSS","BOSS","R","$","E","BOSS"],"build_version":"2019-03-15","purchased_purges":2,"victory":false,"max_hp_per_floor":[66,66,66,66,66,66,66,66,66,66,66,66,66,66,66,66,66,66,66,66,66,66,66,66,66,66,66,66,66,66,66,66,66,66,66,66,66,66,66,66,66,66,66,66,66,66,66,66,66,66,66,66,66,66,83,83],"card_choices":[{"not_picked":["Sucker Punch","Masterful Stab"],"picked":"Deadly Poison","floor":1},{"not_picked":["Concentrate","Calculated Gamble"],"picked":"Poisoned Stab","floor":3},{"not_picked":["Blur","Poisoned Stab"],"picked":"Backflip","floor":5},{"not_picked":["Outmaneuver","Acrobatics","Unload"],"picked":"SKIP","floor":7},{"not_picked":["Deflect","Underhanded Strike"],"picked":"Dagger Throw","floor":11},{"not_picked":["Bane","Dagger Spray","Sucker Punch"],"picked":"SKIP","floor":12},{"not_picked":["Slice","Infinite Blades"],"picked":"Dagger Throw","floor":14},{"not_picked":["Burst","Phantasmal Killer"],"picked":"Glass Knife","floor":16},{"not_picked":["Accuracy","Expertise"],"picked":"Dagger Spray","floor":18},{"not_picked":["Dodge and Roll","Dagger Spray"],"picked":"Adrenaline","floor":24},{"not_picked":["Acrobatics","Dagger Throw"],"picked":"Backflip","floor":27},{"not_picked":["Quick Slash","Acrobatics"],"picked":"Crippling Poison","floor":29},{"not_picked":["Masterful Stab+1","Riddle With Holes","Bane"],"picked":"SKIP","floor":31},{"not_picked":["Envenom","Doppelganger"],"picked":"A Thousand Cuts","floor":33},{"not_picked":["Bane+1","Cloak And Dagger"],"picked":"PiercingWail+1","floor":35},{"not_picked":["Acrobatics","Quick Slash","Outmaneuver"],"picked":"SKIP","floor":36},{"not_picked":["Quick Slash","Deflect"],"picked":"PiercingWail","floor":37},{"not_picked":["All Out Attack","Slice","Accuracy"],"picked":"SKIP","floor":38},{"not_picked":["Quick Slash+1","Poisoned Stab","Deadly Poison"],"picked":"SKIP","floor":39},{"not_picked":["Slice","Sucker Punch"],"picked":"Escape Plan","floor":40},{"not_picked":["Discovery","Impatience"],"picked":"Apotheosis","floor":41},{"not_picked":["Impatience","Jack Of All Trades"],"picked":"Dark Shackles","floor":41},{"not_picked":["Cloak And Dagger","Poisoned Stab","Blade Dance+1"],"picked":"SKIP","floor":42},{"not_picked":["Poisoned Stab+1","All Out Attack"],"picked":"Acrobatics","floor":55}],"player_experience":5356681,"relics_obtained":[{"floor":7,"key":"Omamori"},{"floor":9,"key":"Blood Vial"},{"floor":14,"key":"Oddly Smooth Stone"},{"floor":24,"key":"Ginger"},{"floor":26,"key":"Vajra"},{"floor":31,"key":"FossilizedHelix"},{"floor":40,"key":"Snake Skull"},{"floor":40,"key":"Anchor"},{"floor":42,"key":"Potion Belt"},{"floor":42,"key":"Bag of Marbles"},{"floor":55,"key":"Strawberry"},{"floor":55,"key":"Pear"}],"event_choices":[{"damage_healed":0,"gold_gain":0,"player_choice":"Rummage","damage_taken":0,"relics_obtained":["WarpedTongs"],"max_hp_gain":0,"max_hp_loss":0,"event_name":"Accursed Blacksmith","floor":4,"gold_loss":0,"cards_obtained":["Pain"]},{"damage_healed":0,"gold_gain":0,"player_choice":"Fled","damage_taken":0,"max_hp_gain":0,"max_hp_loss":0,"event_name":"Scrap Ooze","floor":13,"gold_loss":0},{"cards_removed":["Pain"],"damage_healed":0,"gold_gain":0,"player_choice":"Gave Gold","damage_taken":0,"max_hp_gain":0,"max_hp_loss":0,"event_name":"Beggar","floor":19,"gold_loss":75},{"damage_healed":0,"gold_gain":0,"cards_transformed":["Strike_G","Strike_G"],"player_choice":"Became Test Subject","damage_taken":0,"max_hp_gain":0,"max_hp_loss":0,"event_name":"Drug Dealer","floor":21,"gold_loss":0,"cards_obtained":["Terror","Corpse Explosion"]},{"damage_healed":0,"gold_gain":0,"player_choice":"Got Potions","damage_taken":0,"max_hp_gain":0,"max_hp_loss":0,"event_name":"Lab","floor":28,"gold_loss":0},{"damage_healed":0,"gold_gain":0,"player_choice":"Memory 3","damage_taken":10,"max_hp_gain":0,"max_hp_loss":0,"event_name":"SensoryStone","floor":41,"gold_loss":0},{"damage_healed":0,"gold_gain":0,"player_choice":"Ignored","damage_taken":0,"max_hp_gain":0,"max_hp_loss":0,"event_name":"Tomb of Lord Red Mask","floor":44,"gold_loss":0},{"cards_removed":["Poisoned Stab"],"damage_healed":0,"gold_gain":0,"player_choice":"Removed Attack","damage_taken":0,"max_hp_gain":0,"max_hp_loss":0,"event_name":"Falling","floor":47,"gold_loss":0}],"is_beta":true,"boss_relics":[{"not_picked":["Ring of the Serpent","Philosopher\u0027s Stone"],"picked":"Cursed Key"},{"not_picked":["HoveringKite","Orrery"],"picked":"Black Star"}],"items_purged_floors":[2,45],"is_endless":false,"potions_floor_spawned":[7,11,14,16,18,29,33,37,42],"killed_by":"The Heart","ascension_level":20}