{"gold_per_floor":[214,214,51,65,30,30,30,30,82,115,135,135,135,145,145,219,219,230,244,254,283,303,303,331,350,425,456,456,472,522,522,522,593,593,613,311,411,411,428,459,459,486,510,510,510,510,528,555,555,555,555,555,555,14,41,41],"floor_reached":57,"playtime":3821,"items_purged":["Strike_B"],"score":2752,"play_id":"21f8e48f-99b2-488f-83de-d0f1a2362b8a","local_time":"20190329183725","is_ascension_mode":true,"campfire_choices":[{"data":"Zap","floor":6,"key":"SMITH"},{"floor":8,"key":"REST"},{"data":"Barrage","floor":13,"key":"SMITH"},{"floor":15,"key":"REST"},{"floor":23,"key":"REST"},{"data":"Consume","floor":28,"key":"SMITH"},{"floor":32,"key":"REST"},{"floor":41,"key":"DIG"},{"floor":44,"key":"RECALL"},{"floor":49,"key":"DIG"},{"floor":53,"key":"REST"}],"neow_cost":"NONE","seed_source_timestamp":153984159175596,"circlet_count":0,"master_deck":["AscendersBane","Strike_B","Strike_B","Defend_B+1","Defend_B+1","Defend_B+1","Defend_B","Zap+1","Dualcast","Ball Lightning","Cold Snap","Sunder+1","Barrage+1","Conserve Battery","Conserve Battery","Coolheaded","Fusion","Consume+1","Coolheaded+1","Undo","Doom and Gloom+1","Sunder+1","Echo Form","Capacitor+1","Recycle","Glacier","Core Surge+1","Meteor Strike+1","Glacier+1","Hologram+1"],"relics":["Cracked Core","Vajra","Bag of Marbles","Potion Belt","War Paint","Snecko Eye","Red Mask","Bronze Scales","Molten Egg 2","Mango","PreservedInsect","Inserter","Lee\u0027s Waffle","Shovel","Bottled Lightning","Toxic Egg 2","Juzu Bracelet","Oddly Smooth Stone","Emotion Chip","Cauldron","Pear","Pocketwatch"],"potions_floor_usage":[24,29,33,33,42,48,55,55,56,56,56],"damage_taken":[{"damage":2,"enemies":"2 Louse","floor":1,"turns":2},{"damage":10,"enemies":"Small Slimes","floor":4,"turns":3},{"damage":18,"enemies":"Lagavulin","floor":10,"turns":6},{"damage":0,"enemies":"Jaw Worm","floor":11,"turns":2},{"damage":0,"enemies":"Large Slime","floor":14,"turns":2},{"damage":24,"enemies":"Slime Boss","floor":16,"turns":8},{"damage":14,"enemies":"Shell Parasite","floor":18,"turns":2},{"damage":5,"enemies":"Chosen","floor":19,"turns":3},{"damage":17,"enemies":"Snake Plant","floor":20,"turns":4},{"damage":8,"enemies":"Masked Bandits","floor":21,"turns":3},{"damage":1,"enemies":"Centurion and Healer","floor":22,"turns":7},{"damage":14,"enemies":"Slavers","floor":24,"turns":5},{"damage":2,"enemies":"Shelled Parasite and Fungi","floor":25,"turns":2},{"damage":0,"enemies":"Gremlin Leader","floor":27,"turns":7},{"damage":0,"enemies":"Chosen and Byrds","floor":29,"turns":4},{"damage":36,"enemies":"Automaton","floor":33,"turns":10},{"damage":2,"enemies":"Orb Walker","floor":35,"turns":3},{"damage":24,"enemies":"Mind Bloom Boss Battle","floor":37,"turns":6},{"damage":15,"enemies":"3 Darklings","floor":39,"turns":5},{"damage":15,"enemies":"Nemesis","floor":40,"turns":9},{"damage":16,"enemies":"Reptomancer","floor":42,"turns":4},{"damage":0,"enemies":"Jaw Worm Horde","floor":47,"turns":3},{"damage":12,"enemies":"Nemesis","floor":48,"turns":9},{"damage":1,"enemies":"Time Eater","floor":50,"turns":18},{"damage":6,"enemies":"Donu and Deca","floor":51,"turns":12},{"damage":9,"enemies":"Shield and Spear","floor":55,"turns":6},{"damage":32,"enemies":"The Heart","floor":56,"turns":8}],"seed_played":"49937978762620489","potions_obtained":[{"floor":11,"key":"SpeedPotion"},{"floor":20,"key":"Block Potion"},{"floor":21,"key":"Energy Potion"},{"floor":22,"key":"Block Potion"},{"floor":25,"key":"EssenceOfSteel"},{"floor":27,"key":"GamblersBrew"},{"floor":39,"key":"Ancient Potion"},{"floor":42,"key":"GamblersBrew"},{"floor":48,"key":"Dexterity Potion"},{"floor":54,"key":"SteroidPotion"},{"floor":54,"key":"SmokeBomb"},{"floor":54,"key":"FearPotion"},{"floor":55,"key":"Regen Potion"}],"is_trial":false,"path_per_floor":["M","?","$","M","?","R","?","R","T","E","M","?","R","M","R","B",null,"M","M","M","?","M","R","E","M","T","E","R","M","T","?","R","B",null,"M","$","?","?","M","E","R","E","T","R","?","?","M","E","R","B","B",null,"R","$","E","B",null],"character_chosen":"DEFECT","items_purchased":["Bag of Marbles","Lee\u0027s Waffle","Cauldron","Pear","Hologram+1"],"campfire_rested":5,"item_purchase_floors":[3,36,54,54,54],"current_hp_per_floor":[62,44,44,34,51,51,30,51,51,33,33,33,33,33,54,30,61,47,42,25,17,16,37,23,21,21,35,35,35,35,35,60,24,70,68,92,68,102,87,72,72,56,56,56,56,56,56,44,44,43,37,86,102,112,103,86],"gold":41,"neow_bonus":"HUNDRED_GOLD","is_prod":false,"is_daily":false,"chose_seed":false,"campfire_upgraded":3,"win_rate":0,"timestamp":1553909845,"path_taken":["M","?","$","M","?","R","?","R","T","E","?","?","R","?","R","BOSS","M","M","?","?","M","R","E","M","T","E","R","M","?","?","R","BOSS","M","$","?","?","M","E","R","E","T","R","?","?","M","E","R","BOSS","BOSS","R","$","E","BOSS"],"build_version":"2019-03-15","purchased_purges":1,"victory":true,"max_hp_per_floor":[71,71,71,71,71,71,71,71,71,71,71,71,71,71,71,71,71,71,71,71,71,71,71,71,71,71,85,85,85,85,85,85,85,85,85,92,92,102,102,102,102,102,102,102,102,102,102,102,102,102,102,102,102,112,112,112],"card_choices":[{"not_picked":["Rebound","Sunder"],"picked":"Ball Lightning","floor":1},{"not_picked":["Recycle","Double Energy"],"picked":"Cold Snap","floor":4},{"not_picked":["Melter","Heatsinks"],"picked":"Sunder","floor":10},{"not_picked":["Stack","Turbo"],"picked":"Barrage","floor":11},{"not_picked":["Steam","Redo"],"picked":"Conserve Battery","floor":14},{"not_picked":["Amplify","Reboot"],"picked":"Rainbow","floor":16},{"not_picked":["Double Energy+1","Auto Shields"],"picked":"Conserve Battery","floor":18},{"not_picked":["Rip and Tear","Chill","Beam Cell+1"],"picked":"SKIP","floor":19},{"not_picked":["Rebound","Cold Snap"],"picked":"Coolheaded","floor":20},{"not_picked":["Cold Snap","Skim"],"picked":"Fusion","floor":21},{"not_picked":["Loop","Streamline"],"picked":"Consume","floor":22},{"not_picked":["Fission","Darkness"],"picked":"Coolheaded+1","floor":24},{"not_picked":["Conserve Battery","Cold Snap","Hello World"],"picked":"SKIP","floor":25},{"not_picked":["Static Discharge","Chaos"],"picked":"Undo","floor":27},{"not_picked":["Melter+1","FTL+1"],"picked":"Doom and Gloom+1","floor":29},{"not_picked":["Meteor Strike+1","Biased Cognition"],"picked":"Echo Form","floor":33},{"not_picked":["Go for the Eyes+1","Force Field"],"picked":"Capacitor+1","floor":35},{"not_picked":["Ball Lightning+1","Steam"],"picked":"Recycle","floor":37},{"not_picked":["Rebound+1","Heatsinks+1"],"picked":"Glacier","floor":39},{"not_picked":["Redo","Chaos"],"picked":"Core Surge+1","floor":40},{"not_picked":["Sunder+1","Cold Snap+1"],"picked":"Meteor Strike+1","floor":42},{"not_picked":["Force Field+1","Undo+1"],"picked":"Glacier+1","floor":47},{"not_picked":["Streamline+1","Beam Cell+1","Double Energy+1"],"picked":"SKIP","floor":48},{"not_picked":["Double Energy+1","Streamline+1","Gash+1"],"picked":"SKIP","floor":55}],"player_experience":5379386,"relics_obtained":[{"floor":9,"key":"Potion Belt"},{"floor":10,"key":"War Paint"},{"floor":21,"key":"Red Mask"},{"floor":24,"key":"Bronze Scales"},{"floor":26,"key":"Molten Egg 2"},{"floor":27,"key":"Mango"},{"floor":30,"key":"PreservedInsect"},{"floor":37,"key":"Shovel"},{"floor":40,"key":"Bottled Lightning"},{"floor":41,"key":"Toxic Egg 2"},{"floor":42,"key":"Juzu Bracelet"},{"floor":48,"key":"Oddly Smooth Stone"},{"floor":49,"key":"Emotion Chip"},{"floor":55,"key":"Pocketwatch"}],"event_choices":[{"damage_healed":0,"gold_gain":0,"player_choice":"Success","damage_taken":18,"relics_obtained":["Vajra"],"max_hp_gain":0,"max_hp_loss":0,"event_name":"Scrap Ooze","floor":2,"gold_loss":0},{"damage_healed":17,"gold_gain":0,"player_choice":"Healed","damage_taken":0,"max_hp_gain":0,"max_hp_loss":0,"event_name":"The Cleric","floor":5,"gold_loss":35},{"damage_healed":0,"gold_gain":0,"player_choice":"Entered Light","damage_taken":21,"max_hp_gain":0,"max_hp_loss":0,"event_name":"Shining Light","floor":7,"gold_loss":0,"cards_upgraded":["Strike_B","Defend_B"]},{"damage_healed":0,"gold_gain":0,"player_choice":"Upgraded","damage_taken":0,"max_hp_gain":0,"max_hp_loss":0,"event_name":"Upgrade Shrine","floor":12,"gold_loss":0,"cards_upgraded":["Sunder"]},{"damage_healed":0,"gold_gain":0,"player_choice":"Fought Bandits","damage_taken":0,"max_hp_gain":0,"max_hp_loss":0,"event_name":"Masked Bandits","floor":21,"gold_loss":0},{"damage_healed":0,"gold_gain":0,"player_choice":"Copied","damage_taken":0,"max_hp_gain":0,"max_hp_loss":0,"event_name":"Duplicator","floor":31,"gold_loss":0,"cards_obtained":["Sunder"]},{"damage_healed":0,"gold_gain":0,"player_choice":"Fight","damage_taken":0,"max_hp_gain":0,"max_hp_loss":0,"event_name":"MindBloom","floor":37,"gold_loss":0},{"cards_removed":["Rainbow"],"damage_healed":24,"gold_gain":0,"player_choice":"Offered Rare","damage_taken":0,"max_hp_gain":10,"max_hp_loss":0,"event_name":"Bonfire Elementals","floor":38,"gold_loss":0},{"cards_removed":["Strike_B"],"damage_healed":0,"gold_gain":0,"player_choice":"Removed Attack","damage_taken":0,"max_hp_gain":0,"max_hp_loss":0,"event_name":"Falling","floor":45,"gold_loss":0},{"damage_healed":0,"gold_gain":0,"player_choice":"Memory 1","damage_taken":0,"max_hp_gain":0,"max_hp_loss":0,"event_name":"SensoryStone","floor":46,"gold_loss":0}],"is_beta":true,"boss_relics":[{"not_picked":["Black Star","Fusion Hammer"],"picked":"Snecko Eye"},{"not_picked":["Runic Dome","Busted Crown"],"picked":"Inserter"}],"items_purged_floors":[36],"is_endless":false,"potions_floor_spawned":[11,20,21,22,25,27,39,42,48,55],"ascension_level":20}