{"gold_per_floor":[115,28,103,116,116,149,149,184,184,203,232,232,261,15,15,92,92,102,17,49,24,24,24,59,59,59,59,75,75,25,56,56,56],"floor_reached":33,"playtime":1938,"items_purged":["Strike_R"],"score":610,"play_id":"d1a4a441-f35a-432e-b170-4fe2febd2c76","local_time":"20190322173425","is_ascension_mode":true,"campfire_choices":[{"floor":7,"key":"REST"},{"floor":12,"key":"REST"},{"data":"Bash","floor":15,"key":"SMITH"},{"data":"Disarm","floor":23,"key":"SMITH"},{"data":"Immolate","floor":25,"key":"SMITH"},{"data":"Combust","floor":27,"key":"SMITH"},{"floor":29,"key":"REST"},{"data":"True Grit","floor":32,"key":"SMITH"}],"neow_cost":"NONE","seed_source_timestamp":160685809204134,"circlet_count":0,"master_deck":["AscendersBane","Strike_R","Strike_R","Strike_R","Strike_R","Defend_R","Defend_R","Defend_R","Defend_R","Bash+1","Disarm+1","Combust+1","Feel No Pain","Headbutt","Wild Strike","Reaper","Anger","Immolate+1","Offering","Metallicize","True Grit+1","Shrug It Off","Writhe","Feel No Pain+1","Feed"],"relics":["Burning Blood","Regal Pillow","Turnip","Letter Opener","Gambling Chip","Vajra","Smiling Mask","Red Skull","Runic Dome","Lantern","Red Mask","Omamori","Dodecahedron","StoneCalendar","Champion Belt"],"potions_floor_usage":[11,33,33],"damage_taken":[{"damage":7,"enemies":"Small Slimes","floor":1,"turns":3},{"damage":4,"enemies":"2 Louse","floor":4,"turns":3},{"damage":56,"enemies":"Lagavulin","floor":6,"turns":10},{"damage":32,"enemies":"3 Sentries","floor":8,"turns":13},{"damage":2,"enemies":"Cultist","floor":10,"turns":4},{"damage":11,"enemies":"Gremlin Nob","floor":11,"turns":3},{"damage":39,"enemies":"Lagavulin","floor":13,"turns":8},{"damage":49,"enemies":"Hexaghost","floor":16,"turns":8},{"damage":10,"enemies":"3 Byrds","floor":18,"turns":3},{"damage":9,"enemies":"Masked Bandits","floor":20,"turns":3},{"damage":36,"enemies":"Book of Stabbing","floor":24,"turns":5},{"damage":6,"enemies":"Shell Parasite","floor":28,"turns":5},{"damage":19,"enemies":"Slavers","floor":31,"turns":5},{"damage":86,"enemies":"Collector","floor":33,"turns":6}],"seed_played":"-4781188615055751968","potions_obtained":[{"floor":1,"key":"BloodPotion"},{"floor":10,"key":"Energy Potion"},{"floor":13,"key":"Poison Potion"},{"floor":16,"key":"Poison Potion"}],"is_trial":false,"path_per_floor":["M","$","?","M","?","E","R","E","T","M","E","R","E","$","R","B",null,"M","?","?","$","?","R","E","R","T","R","M","R","$","E","R","B"],"character_chosen":"IRONCLAD","items_purchased":["Combust","Red Skull","Immolate","Shrug It Off"],"campfire_rested":3,"item_purchase_floors":[2,14,14,21],"current_hp_per_floor":[67,67,56,58,63,13,52,26,26,30,33,72,46,46,46,15,64,64,64,64,64,64,64,34,34,34,34,34,73,73,67,67,0],"gold":56,"neow_bonus":"RANDOM_COMMON_RELIC","is_prod":false,"is_daily":false,"chose_seed":false,"campfire_upgraded":5,"win_rate":0,"timestamp":1553301265,"path_taken":["M","$","?","M","?","E","R","E","T","M","E","R","E","$","R","BOSS","M","?","?","$","?","R","E","R","T","R","M","R","$","E","R","BOSS"],"build_version":"2019-03-15","purchased_purges":1,"victory":false,"max_hp_per_floor":[75,75,75,75,80,80,80,80,80,80,80,80,80,80,80,80,80,80,80,80,80,80,80,80,80,80,80,80,80,80,80,80,80],"card_choices":[{"not_picked":["Iron Wave","Shrug It Off"],"picked":"Disarm","floor":1},{"not_picked":["Havoc","Warcry","Intimidate"],"picked":"SKIP","floor":4},{"not_picked":["Clash","True Grit"],"picked":"Feel No Pain","floor":6},{"not_picked":["Limit Break","Rupture"],"picked":"Headbutt","floor":8},{"not_picked":["Shrug It Off","Rage"],"picked":"Wild Strike","floor":10},{"not_picked":["Uppercut","Perfected Strike"],"picked":"Reaper","floor":11},{"not_picked":["Heavy Blade","Sentinel"],"picked":"Anger","floor":13},{"not_picked":["Juggernaut","Immolate"],"picked":"Offering","floor":16},{"not_picked":["Hemokinesis","Clothesline"],"picked":"Metallicize","floor":18},{"not_picked":["Carnage","Bloodletting+1"],"picked":"True Grit","floor":20},{"not_picked":["Armaments","Berserk"],"picked":"Feel No Pain+1","floor":24},{"not_picked":["Fire Breathing","Ghostly Armor","Iron Wave"],"picked":"SKIP","floor":28},{"not_picked":["Thunderclap","Clash"],"picked":"Feed","floor":31}],"player_experience":5303491,"relics_obtained":[{"floor":6,"key":"Turnip"},{"floor":8,"key":"Letter Opener"},{"floor":9,"key":"Gambling Chip"},{"floor":11,"key":"Vajra"},{"floor":13,"key":"Smiling Mask"},{"floor":20,"key":"Red Mask"},{"floor":24,"key":"Dodecahedron"},{"floor":26,"key":"StoneCalendar"},{"floor":31,"key":"Champion Belt"}],"event_choices":[{"damage_healed":0,"gold_gain":75,"player_choice":"Gather Gold","damage_taken":11,"max_hp_gain":0,"max_hp_loss":0,"event_name":"World of Goop","floor":3,"gold_loss":0},{"damage_healed":0,"gold_gain":0,"player_choice":"Donut","damage_taken":0,"max_hp_gain":5,"max_hp_loss":0,"event_name":"Big Fish","floor":5,"gold_loss":0},{"damage_healed":0,"gold_gain":0,"player_choice":"Obtained Relic","damage_taken":0,"relics_obtained":["Lantern"],"max_hp_gain":0,"max_hp_loss":0,"event_name":"Addict","floor":19,"gold_loss":85},{"damage_healed":0,"gold_gain":0,"player_choice":"Fought Bandits","damage_taken":0,"max_hp_gain":0,"max_hp_loss":0,"event_name":"Masked Bandits","floor":20,"gold_loss":0},{"damage_healed":0,"gold_gain":0,"player_choice":"Opened","damage_taken":0,"relics_obtained":["Omamori"],"max_hp_gain":0,"max_hp_loss":0,"event_name":"The Mausoleum","floor":22,"gold_loss":0,"cards_obtained":["Writhe"]}],"is_beta":true,"boss_relics":[{"not_picked":["Eternal Feather","Mark of Pain"],"picked":"Runic Dome"}],"items_purged_floors":[30],"is_endless":false,"potions_floor_spawned":[1,10,13,16,24,28],"killed_by":"Collector","ascension_level":20}