{"gold_per_floor":[118,118,14,24,39,39,50,85,85,141,141,161,161,181,181,253,253,270,270,270,289,314,314],"floor_reached":23,"playtime":1736,"items_purged":["Strike_B"],"score":402,"play_id":"f95f82bc-c2c6-45d2-a676-517e034981f3","local_time":"20190326214123","is_ascension_mode":true,"campfire_choices":[{"data":"Zap","floor":6,"key":"SMITH"},{"data":"Buffer","floor":11,"key":"SMITH"},{"data":"Sweeping Beam","floor":13,"key":"SMITH"},{"data":"Coolheaded","floor":15,"key":"SMITH"}],"neow_cost":"NONE","seed_source_timestamp":11805723902032,"circlet_count":0,"master_deck":["AscendersBane","Strike_B","Defend_B","Defend_B","Defend_B","Defend_B","Zap+1","Dualcast","Cold Snap","Static Discharge","Ball Lightning","Sweeping Beam+1","Chill","Buffer+1","Genetic Algorithm","Compile Driver","Coolheaded+1","Streamline","Scrape"],"relics":["Cracked Core","Pear","Sundial","Tiny Chest","Runic Dome","Boot"],"potions_floor_usage":[7,14,16,16],"damage_taken":[{"damage":4,"enemies":"Small Slimes","floor":1,"turns":4},{"damage":5,"enemies":"Jaw Worm","floor":4,"turns":2},{"damage":0,"enemies":"Cultist","floor":5,"turns":3},{"damage":2,"enemies":"Lots of Slimes","floor":7,"turns":2},{"damage":30,"enemies":"Gremlin Nob","floor":8,"turns":4},{"damage":16,"enemies":"Lagavulin","floor":10,"turns":7},{"damage":0,"enemies":"Red Slaver","floor":12,"turns":3},{"damage":0,"enemies":"Exordium Wildlife","floor":14,"turns":4},{"damage":12,"enemies":"The Guardian","floor":16,"turns":12},{"damage":0,"enemies":"Chosen","floor":18,"turns":6},{"damage":15,"enemies":"2 Thieves","floor":21,"turns":4},{"damage":56,"enemies":"Gremlin Leader","floor":23,"turns":6}],"seed_played":"-2882957983584532822","potions_obtained":[{"floor":1,"key":"Fire Potion"},{"floor":7,"key":"SteroidPotion"},{"floor":10,"key":"Strength Potion"},{"floor":14,"key":"EssenceOfSteel"}],"is_trial":false,"path_per_floor":["M","?","$","M","M","R","M","E","T","E","R","M","R","M","R","B",null,"M","?","?","M","T","E"],"character_chosen":"DEFECT","items_purchased":["Ball Lightning"],"campfire_rested":0,"item_purchase_floors":[3],"current_hp_per_floor":[60,65,65,60,60,60,58,38,38,22,22,22,22,22,22,10,67,67,67,67,52,52,0],"gold":314,"neow_bonus":"THREE_CARDS","is_prod":false,"is_daily":false,"chose_seed":false,"campfire_upgraded":4,"win_rate":0,"timestamp":1553661683,"path_taken":["M","?","$","M","M","R","M","E","T","E","R","M","R","M","R","BOSS","M","?","?","M","?","E"],"build_version":"2019-03-15","purchased_purges":1,"victory":false,"max_hp_per_floor":[71,76,76,76,76,76,76,86,86,86,86,86,86,86,86,86,86,86,86,86,86,86,86],"card_choices":[{"not_picked":["Hologram","Go for the Eyes"],"picked":"Cold Snap","floor":0},{"not_picked":["Leap","Stack"],"picked":"Static Discharge","floor":1},{"not_picked":["Stack","Recycle"],"picked":"Sweeping Beam","floor":4},{"not_picked":["Go for the Eyes","Steam Power","Beam Cell"],"picked":"SKIP","floor":5},{"not_picked":["Ball Lightning","Hologram"],"picked":"Chill","floor":7},{"not_picked":["Gash","Heatsinks"],"picked":"Buffer","floor":8},{"not_picked":["Reinforced Body","Double Energy"],"picked":"Genetic Algorithm","floor":10},{"not_picked":["Leap","Barrage"],"picked":"Compile Driver","floor":12},{"not_picked":["Ball Lightning","Undo"],"picked":"Coolheaded","floor":14},{"not_picked":["Gash","Streamline","Double Energy"],"picked":"SKIP","floor":18},{"not_picked":["Steam","Beam Cell","Chill"],"picked":"SKIP","floor":21}],"player_experience":5339969,"relics_obtained":[{"floor":8,"key":"Pear"},{"floor":9,"key":"Sundial"},{"floor":10,"key":"Tiny Chest"},{"floor":22,"key":"Boot"}],"event_choices":[{"damage_healed":0,"gold_gain":0,"player_choice":"Donut","damage_taken":0,"max_hp_gain":5,"max_hp_loss":0,"event_name":"Big Fish","floor":2,"gold_loss":0},{"damage_healed":0,"gold_gain":0,"cards_transformed":["Strike_B","Strike_B"],"player_choice":"Became Test Subject","damage_taken":0,"max_hp_gain":0,"max_hp_loss":0,"event_name":"Drug Dealer","floor":19,"gold_loss":0,"cards_obtained":["Streamline","Scrape"]},{"damage_healed":0,"gold_gain":0,"player_choice":"Ignored","damage_taken":0,"max_hp_gain":0,"max_hp_loss":0,"event_name":"Vampires","floor":20,"gold_loss":0}],"is_beta":true,"boss_relics":[{"not_picked":["Lizard Tail","Coffee Dripper"],"picked":"Runic Dome"}],"items_purged_floors":[3],"is_endless":false,"potions_floor_spawned":[1,7,10,14],"killed_by":"Gremlin Leader","ascension_level":20}