{"gold_per_floor":[113,113,131,131,56,56,74,103,103,5,36,36,47,66,66,141,141,157,82,82,93,14,48,48,74,74,90,105,105,116,131,131,207,207,223,223,223,45,55,90,100,129,156,188,288,315,340,359,359,359,359,359,359,21,49,49],"floor_reached":56,"playtime":4500,"items_purged":["Strike_B"],"score":2180,"play_id":"a51af594-56c0-41ed-b8bc-ae19afe25b7d","local_time":"20190327164841","is_ascension_mode":true,"campfire_choices":[{"data":"Lockon","floor":6,"key":"SMITH"},{"data":"Defragment","floor":12,"key":"SMITH"},{"data":"Coolheaded","floor":15,"key":"SMITH"},{"data":"Biased Cognition","floor":24,"key":"SMITH"},{"data":"Loop","floor":29,"key":"SMITH"},{"data":"Hologram","floor":32,"key":"SMITH"},{"floor":49,"key":"RECALL"},{"data":"Biased Cognition","floor":53,"key":"SMITH"}],"neow_cost":"NONE","seed_source_timestamp":77885086479731,"circlet_count":0,"master_deck":["AscendersBane","Defend_B","Defend_B","Defend_B","Defend_B","Zap+1","Dualcast+1","Lockon+1","Go for the Eyes+1","Defragment+1","Cold Snap+1","Streamline+1","Leap+1","Coolheaded+1","Biased Cognition+1","Hologram+1","Sunder+1","Echo Form","Loop+1","Hologram+1","Biased Cognition+1","Dark Shackles+1","Dark Shackles+1","Sunder+1","Conserve Battery+1","Doom and Gloom+1","Coolheaded+1","Static Discharge","Consume+1","All For One+1","Undo+1"],"relics":["Cracked Core","Molten Egg 2","Meat on the Bone","Sundial","Oddly Smooth Stone","Snecko Eye","Bronze Scales","Singing Bowl","Toxic Egg 2","Coffee Dripper","War Paint","Gremlin Horn","Boot","Ginger","Ancient Tea Set","Mummified Hand","Bag of Preparation","Dodecahedron"],"potions_floor_usage":[25,56,56],"damage_taken":[{"damage":2,"enemies":"Jaw Worm","floor":1,"turns":3},{"damage":3,"enemies":"2 Louse","floor":3,"turns":3},{"damage":4,"enemies":"Small Slimes","floor":7,"turns":3},{"damage":32,"enemies":"Gremlin Nob","floor":8,"turns":4},{"damage":12,"enemies":"Lagavulin","floor":11,"turns":5},{"damage":0,"enemies":"Exordium Wildlife","floor":13,"turns":3},{"damage":12,"enemies":"Gremlin Gang","floor":14,"turns":5},{"damage":28,"enemies":"Hexaghost","floor":16,"turns":10},{"damage":10,"enemies":"Spheric Guardian","floor":18,"turns":4},{"damage":0,"enemies":"3 Byrds","floor":21,"turns":5},{"damage":19,"enemies":"Gremlin Leader","floor":23,"turns":6},{"damage":19,"enemies":"Slavers","floor":25,"turns":4},{"damage":14,"enemies":"Snake Plant","floor":27,"turns":3},{"damage":8,"enemies":"Cultist and Chosen","floor":28,"turns":4},{"damage":7,"enemies":"Snecko","floor":30,"turns":4},{"damage":13,"enemies":"Sentry and Sphere","floor":31,"turns":13},{"damage":13,"enemies":"Automaton","floor":33,"turns":7},{"damage":24,"enemies":"3 Darklings","floor":35,"turns":4},{"damage":0,"enemies":"Orb Walker","floor":39,"turns":3},{"damage":4,"enemies":"Nemesis","floor":40,"turns":7},{"damage":1,"enemies":"3 Darklings","floor":41,"turns":5},{"damage":13,"enemies":"Giant Head","floor":42,"turns":6},{"damage":0,"enemies":"Reptomancer","floor":44,"turns":4},{"damage":0,"enemies":"Mind Bloom Boss Battle","floor":45,"turns":7},{"damage":2,"enemies":"Nemesis","floor":47,"turns":7},{"damage":9,"enemies":"4 Shapes","floor":48,"turns":2},{"damage":0,"enemies":"Awakened One","floor":50,"turns":15},{"damage":24,"enemies":"Donu and Deca","floor":51,"turns":9},{"damage":69,"enemies":"Shield and Spear","floor":55,"turns":5},{"damage":62,"enemies":"The Heart","floor":56,"turns":2}],"seed_played":"-8098448932210088168","potions_obtained":[{"floor":3,"key":"SkillPotion"},{"floor":11,"key":"SkillPotion"},{"floor":13,"key":"Explosive Potion"},{"floor":14,"key":"PowerPotion"},{"floor":21,"key":"FearPotion"},{"floor":27,"key":"SpeedPotion"},{"floor":30,"key":"FocusPotion"},{"floor":44,"key":"FocusPotion"}],"is_trial":false,"path_per_floor":["M","?","M","?","?","R","M","E","T","$","E","R","M","M","R","B",null,"M","?","?","M","$","E","R","E","T","M","M","R","M","M","R","B",null,"M","?","?","$","M","E","M","E","T","E","?","T","E","M","R","B","B",null,"R","$","E","B"],"character_chosen":"DEFECT","items_purchased":["Defragment","Cold Snap+1","Echo Form","Sunder+1","Conserve Battery+1","All For One+1","Bag of Preparation"],"campfire_rested":0,"item_purchase_floors":[10,10,22,38,38,54,54],"current_hp_per_floor":[62,51,48,71,71,71,67,35,35,35,35,35,47,47,47,31,61,51,51,51,51,51,44,44,39,39,37,43,43,50,49,49,48,70,48,40,40,40,54,50,51,52,52,54,54,54,52,55,55,55,43,78,78,78,21,0],"gold":49,"neow_bonus":"UPGRADE_CARD","is_prod":false,"is_daily":false,"chose_seed":false,"campfire_upgraded":7,"win_rate":0,"timestamp":1553730521,"path_taken":["M","?","M","?","?","R","M","E","T","$","E","R","M","M","R","BOSS","M","?","?","M","?","E","R","E","T","M","M","R","?","M","R","BOSS","M","?","?","$","?","E","M","E","T","E","?","?","E","M","R","BOSS","BOSS","R","$","E","BOSS"],"build_version":"2019-03-15","purchased_purges":1,"victory":false,"max_hp_per_floor":[71,71,71,71,71,71,71,71,71,71,71,71,71,71,71,71,71,71,71,71,71,71,71,71,73,73,73,75,75,77,77,77,77,77,79,81,81,81,83,83,85,87,87,89,89,89,89,89,89,89,89,89,89,89,89,89],"card_choices":[{"not_picked":["Beam Cell","Hologram"],"picked":"Lockon","floor":1},{"not_picked":["Turbo","Steam","Beam Cell+1"],"picked":"SKIP","floor":3},{"not_picked":["Gash+1","Darkness"],"picked":"Go for the Eyes+1","floor":7},{"not_picked":["Redo","Force Field","Double Energy"],"picked":"SKIP","floor":8},{"not_picked":["Reboot","Conserve Battery"],"picked":"Streamline+1","floor":11},{"not_picked":["Tempest","Hologram"],"picked":"Leap","floor":13},{"not_picked":["Turbo","Stack"],"picked":"Coolheaded","floor":14},{"not_picked":["Machine Learning","Reboot"],"picked":"Biased Cognition","floor":16},{"not_picked":["Turbo","Redo"],"picked":"Hologram","floor":18},{"not_picked":["Cold Snap+1","Auto Shields","Leap"],"picked":"SKIP","floor":21},{"not_picked":["Cold Snap+1","Auto Shields","Leap"],"picked":"SKIP","floor":21},{"not_picked":["Steam","Sweeping Beam+1","Hologram"],"picked":"SKIP","floor":23},{"not_picked":["Go for the Eyes+1","Compile Driver+1","Blizzard+1"],"picked":"Singing Bowl","floor":25},{"not_picked":["Reinforced Body+1","Melter+1"],"picked":"Loop","floor":27},{"not_picked":["Gash+1","Go for the Eyes+1","Leap+1"],"picked":"Singing Bowl","floor":28},{"not_picked":["Sweeping Beam+1","White Noise+1","Barrage+1"],"picked":"Singing Bowl","floor":30},{"not_picked":["Go for the Eyes+1","Leap+1"],"picked":"Hologram+1","floor":31},{"not_picked":["Machine Learning","Rainbow+1"],"picked":"Biased Cognition","floor":33},{"not_picked":["Darkness+1","Auto Shields+1","Barrage+1"],"picked":"Singing Bowl","floor":35},{"not_picked":["Panache","Magnetism"],"picked":"Dark Shackles+1","floor":36},{"not_picked":["PanicButton+1","Impatience+1"],"picked":"Dark Shackles+1","floor":36},{"not_picked":["Impatience+1","Madness+1","Good Instincts+1"],"picked":"Singing Bowl","floor":36},{"not_picked":["Hello World+1","Sweeping Beam+1","Blizzard+1"],"picked":"Singing Bowl","floor":39},{"not_picked":["Double Energy+1","Rebound+1"],"picked":"Doom and Gloom+1","floor":40},{"not_picked":["Double Energy+1","Turbo+1","Redo+1"],"picked":"Singing Bowl","floor":41},{"not_picked":["Rebound+1","Hello World","Thunder Strike+1"],"picked":"Singing Bowl","floor":42},{"not_picked":["Storm+1","Turbo+1","Melter+1"],"picked":"Singing Bowl","floor":44},{"not_picked":["Aggregate+1","Melter+1"],"picked":"Coolheaded+1","floor":45},{"not_picked":["Rip and Tear+1","Hologram+1"],"picked":"Static Discharge","floor":47},{"not_picked":["Sweeping Beam+1","Compile Driver+1"],"picked":"Consume+1","floor":48},{"not_picked":["Heatsinks+1","Streamline+1"],"picked":"Undo+1","floor":55}],"player_experience":5360483,"relics_obtained":[{"floor":8,"key":"Meat on the Bone"},{"floor":9,"key":"Sundial"},{"floor":11,"key":"Oddly Smooth Stone"},{"floor":23,"key":"Bronze Scales"},{"floor":25,"key":"Singing Bowl"},{"floor":26,"key":"Toxic Egg 2"},{"floor":40,"key":"War Paint"},{"floor":42,"key":"Gremlin Horn"},{"floor":44,"key":"Boot"},{"floor":45,"key":"Ginger"},{"floor":46,"key":"Ancient Tea Set"},{"floor":47,"key":"Mummified Hand"},{"floor":55,"key":"Dodecahedron"}],"event_choices":[{"damage_healed":0,"gold_gain":0,"player_choice":"Success","damage_taken":11,"relics_obtained":["Molten Egg 2"],"max_hp_gain":0,"max_hp_loss":0,"event_name":"Scrap Ooze","floor":2,"gold_loss":0},{"damage_healed":23,"gold_gain":0,"player_choice":"Banana","damage_taken":0,"max_hp_gain":0,"max_hp_loss":0,"event_name":"Big Fish","floor":4,"gold_loss":0},{"cards_removed":["Strike_B"],"damage_healed":0,"gold_gain":0,"player_choice":"Card Removal","damage_taken":0,"max_hp_gain":0,"max_hp_loss":0,"event_name":"The Cleric","floor":5,"gold_loss":75},{"cards_removed":["Strike_B"],"damage_healed":0,"gold_gain":0,"player_choice":"Gave Gold","damage_taken":0,"max_hp_gain":0,"max_hp_loss":0,"event_name":"Beggar","floor":19,"gold_loss":75},{"damage_healed":0,"gold_gain":0,"player_choice":"Read","damage_taken":0,"max_hp_gain":0,"max_hp_loss":0,"event_name":"The Library","floor":20,"gold_loss":0,"cards_obtained":["Sunder"]},{"damage_healed":0,"gold_gain":0,"player_choice":"Memory 3","damage_taken":10,"max_hp_gain":0,"max_hp_loss":0,"event_name":"SensoryStone","floor":36,"gold_loss":0},{"cards_removed":["Strike_B"],"damage_healed":0,"gold_gain":0,"player_choice":"Purged","damage_taken":0,"max_hp_gain":0,"max_hp_loss":0,"event_name":"Purifier","floor":37,"gold_loss":0},{"damage_healed":0,"gold_gain":0,"player_choice":"Fight","damage_taken":0,"max_hp_gain":0,"max_hp_loss":0,"event_name":"MindBloom","floor":45,"gold_loss":0}],"is_beta":true,"boss_relics":[{"not_picked":["FrozenCore","Cursed Key"],"picked":"Snecko Eye"},{"not_picked":["Pandora\u0027s Box","Busted Crown"],"picked":"Coffee Dripper"}],"items_purged_floors":[38],"is_endless":false,"potions_floor_spawned":[3,11,13,14,21,27,30,33,41,44,45,47],"killed_by":"The Heart","ascension_level":20}