{"gold_per_floor":[114,39,39,53,65,65,98,98,98,429,429,449,480,499,499,499],"floor_reached":16,"playtime":754,"items_purged":["Strike_R"],"score":240,"play_id":"64003d25-e81b-4c9f-9706-b4cb061f2ceb","local_time":"20190324121724","is_ascension_mode":true,"campfire_choices":[{"data":"Bash","floor":6,"key":"SMITH"},{"data":"Anger","floor":8,"key":"SMITH"},{"data":"Immolate","floor":11,"key":"SMITH"},{"data":"Perfected Strike","floor":15,"key":"SMITH"}],"neow_cost":"NONE","seed_source_timestamp":47801392424244,"circlet_count":0,"master_deck":["AscendersBane","Strike_R+1","Strike_R","Strike_R+1","Defend_R","Defend_R","Defend_R","Defend_R","Bash+1","Perfected Strike","Iron Wave","Armaments","Anger+1","Immolate+1","Pommel Strike","Perfected Strike+1"],"relics":["Burning Blood","Whetstone","Meat on the Bone","Letter Opener","Old Coin","Bag of Marbles"],"potions_floor_usage":[7],"damage_taken":[{"damage":4,"enemies":"Jaw Worm","floor":1,"turns":5},{"damage":0,"enemies":"Cultist","floor":4,"turns":4},{"damage":2,"enemies":"Small Slimes","floor":5,"turns":3},{"damage":28,"enemies":"Gremlin Nob","floor":7,"turns":4},{"damage":45,"enemies":"3 Sentries","floor":10,"turns":9},{"damage":3,"enemies":"Blue Slaver","floor":12,"turns":5},{"damage":3,"enemies":"Gremlin Nob","floor":13,"turns":3},{"damage":0,"enemies":"Lots of Slimes","floor":14,"turns":2},{"damage":58,"enemies":"Hexaghost","floor":16,"turns":7}],"seed_played":"-4739819789450073061","potions_obtained":[{"floor":4,"key":"FearPotion"},{"floor":5,"key":"SmokeBomb"},{"floor":12,"key":"Explosive Potion"}],"is_trial":false,"path_per_floor":["M","$","?","M","M","R","E","R","T","E","R","M","E","M","R","B"],"character_chosen":"IRONCLAD","items_purchased":[],"campfire_rested":0,"item_purchase_floors":[],"current_hp_per_floor":[70,70,70,75,75,75,53,53,53,26,26,41,44,50,50,0],"gold":499,"neow_bonus":"RANDOM_COMMON_RELIC","is_prod":false,"is_daily":false,"chose_seed":false,"campfire_upgraded":4,"win_rate":0,"timestamp":1553455044,"path_taken":["M","$","?","?","M","R","E","R","T","E","R","M","E","M","R","BOSS"],"build_version":"2019-03-15","purchased_purges":1,"victory":false,"max_hp_per_floor":[75,75,75,75,75,75,75,75,75,75,75,75,75,75,75,75],"card_choices":[{"not_picked":["Cleave","Sever Soul"],"picked":"Perfected Strike","floor":1},{"not_picked":["Warcry","Flex"],"picked":"Armaments","floor":4},{"not_picked":["Warcry","Havoc"],"picked":"Anger","floor":5},{"not_picked":["Dual Wield","Fire Breathing","Dropkick"],"picked":"SKIP","floor":7},{"not_picked":["Corruption","Rage"],"picked":"Immolate","floor":10},{"not_picked":["Rupture","Cleave","Perfected Strike"],"picked":"SKIP","floor":12},{"not_picked":["Warcry","Brutality"],"picked":"Pommel Strike","floor":13},{"not_picked":["Sword Boomerang","Thunderclap"],"picked":"Perfected Strike","floor":14}],"player_experience":5325516,"relics_obtained":[{"floor":7,"key":"Meat on the Bone"},{"floor":9,"key":"Letter Opener"},{"floor":10,"key":"Old Coin"},{"floor":13,"key":"Bag of Marbles"}],"event_choices":[{"damage_healed":0,"gold_gain":0,"cards_transformed":["Strike_R"],"player_choice":"Transformed","damage_taken":0,"max_hp_gain":0,"max_hp_loss":0,"event_name":"Transmorgrifier","floor":3,"gold_loss":0,"cards_obtained":["Iron Wave"]}],"is_beta":true,"boss_relics":[],"items_purged_floors":[2],"is_endless":false,"potions_floor_spawned":[4,5,12],"killed_by":"Hexaghost","ascension_level":20}