{"gold_per_floor":[119,44,54,67,12,12,12,41,41,41,74,74,88,108,108,182,182,202,100,10,28,41,41],"floor_reached":23,"playtime":1901,"items_purged":["Strike_B","Defend_B","Defend_B"],"score":402,"play_id":"aeed7a21-f63a-4c1a-a443-71be2d0d3a5a","local_time":"20190329153648","is_ascension_mode":true,"campfire_choices":[{"floor":6,"key":"REST"},{"data":"Lockon","floor":10,"key":"SMITH"},{"data":"Doom and Gloom","floor":12,"key":"SMITH"},{"data":"Recycle","floor":15,"key":"SMITH"}],"neow_cost":"PERCENT_DAMAGE","seed_source_timestamp":145098186988337,"circlet_count":0,"master_deck":["AscendersBane","Defend_B","Defend_B","Zap+1","Dualcast","Gash","Reinforced Body","Glacier","Coolheaded","Lockon+1","Doom and Gloom+1","Reprogram","Recycle+1","Fission","Sunder+1","Reprogram+1","Self Repair+1","Gash","Gash","Genetic Algorithm","Go for the Eyes","Hologram"],"relics":["Cracked Core","Unceasing Top","Pear","Ornamental Fan","Smiling Mask","Astrolabe"],"potions_floor_usage":[14,23,23],"damage_taken":[{"damage":0,"enemies":"Cultist","floor":1,"turns":3},{"damage":6,"enemies":"Small Slimes","floor":3,"turns":4},{"damage":0,"enemies":"2 Louse","floor":4,"turns":3},{"damage":18,"enemies":"Lagavulin","floor":8,"turns":12},{"damage":24,"enemies":"3 Sentries","floor":11,"turns":10},{"damage":0,"enemies":"2 Fungi Beasts","floor":13,"turns":2},{"damage":1,"enemies":"3 Louse","floor":14,"turns":2},{"damage":20,"enemies":"The Guardian","floor":16,"turns":16},{"damage":23,"enemies":"Shell Parasite","floor":18,"turns":5},{"damage":12,"enemies":"3 Byrds","floor":21,"turns":3},{"damage":46,"enemies":"Cultist and Chosen","floor":22,"turns":8},{"damage":16,"enemies":"Book of Stabbing","floor":23,"turns":4}],"seed_played":"3583059233165298133","potions_obtained":[{"floor":1,"key":"FearPotion"},{"floor":11,"key":"Fire Potion"},{"floor":22,"key":"FocusPotion"}],"is_trial":false,"path_per_floor":["M","$","M","M","$","R","?","E","T","R","E","R","M","M","R","B",null,"M","$","$","M","M","E"],"character_chosen":"DEFECT","items_purchased":["Coolheaded","Gash","Genetic Algorithm"],"campfire_rested":1,"item_purchase_floors":[5,19,20],"current_hp_per_floor":[46,46,40,40,40,61,61,53,53,53,29,29,29,28,28,8,63,50,50,50,48,12,0],"gold":41,"neow_bonus":"ONE_RARE_RELIC","is_prod":false,"is_daily":false,"chose_seed":false,"campfire_upgraded":3,"win_rate":0,"timestamp":1553899008,"path_taken":["M","$","M","M","?","R","?","E","T","R","E","R","?","M","R","BOSS","M","?","$","M","?","E"],"build_version":"2019-03-15","purchased_purges":3,"victory":false,"max_hp_per_floor":[71,71,71,71,71,71,71,81,81,81,81,81,81,81,81,81,81,81,81,81,81,81,81],"card_choices":[{"not_picked":["Chill","Beam Cell"],"picked":"Gash","floor":1},{"not_picked":["Skim","Stack"],"picked":"Reinforced Body","floor":3},{"not_picked":["Turbo","Rebound"],"picked":"Glacier","floor":4},{"not_picked":["Recycle","Consume"],"picked":"Lockon","floor":8},{"not_picked":["Core Surge","Gash"],"picked":"Doom and Gloom","floor":11},{"not_picked":["Go for the Eyes","Turbo"],"picked":"Reprogram","floor":13},{"not_picked":["Turbo","Static Discharge"],"picked":"Recycle","floor":14},{"not_picked":["Thunder Strike","Meteor Strike"],"picked":"Fission","floor":16},{"not_picked":["Self Repair","Undo"],"picked":"Gash","floor":18},{"not_picked":["Hologram","Storm"],"picked":"Go for the Eyes","floor":21},{"not_picked":["Tempest","Beam Cell"],"picked":"Hologram","floor":22}],"player_experience":5370572,"relics_obtained":[{"floor":8,"key":"Pear"},{"floor":9,"key":"Ornamental Fan"},{"floor":11,"key":"Smiling Mask"}],"event_choices":[{"damage_healed":0,"gold_gain":0,"player_choice":"Upgraded","damage_taken":0,"max_hp_gain":0,"max_hp_loss":0,"event_name":"Upgrade Shrine","floor":7,"gold_loss":0,"cards_upgraded":["Zap"]}],"is_beta":true,"boss_relics":[{"not_picked":["Nuclear Battery","Tiny House"],"picked":"Astrolabe"}],"items_purged_floors":[2,19,20],"is_endless":false,"potions_floor_spawned":[1,11,22],"killed_by":"Book of Stabbing","ascension_level":20}