{"gold_per_floor":[113,127,127,38,38,77,77,77,77,120,120,151,175,209,209,307,307,323,248,248,1,16,16,37,57,57,57,88,113,28,28,28,127,127,151,178,197,197,218,283,283,317,317,317,335,335,335],"floor_reached":47,"playtime":2611,"items_purged":["Strike_G"],"score":1158,"play_id":"8d2a5513-6094-48e0-adc7-8ce80c50ff29","local_time":"20190330142125","is_ascension_mode":true,"campfire_choices":[{"data":"Noxious Fumes","floor":7,"key":"SMITH"},{"floor":8,"key":"REST"},{"floor":11,"key":"REST"},{"data":"Deadly Poison","floor":15,"key":"SMITH"},{"floor":23,"key":"REST"},{"floor":27,"key":"REST"},{"data":"Catalyst","floor":32,"key":"SMITH"},{"floor":41,"key":"REST"},{"data":"Crippling Poison","floor":44,"key":"SMITH"},{"data":"Skewer","floor":46,"key":"SMITH"}],"neow_cost":"NONE","seed_source_timestamp":7311273398933,"circlet_count":0,"master_deck":["AscendersBane","Defend_G","Defend_G","Defend_G","Defend_G","Defend_G","Survivor","Neutralize","Deadly Poison+1","Catalyst+1","Noxious Fumes+1","Predator","Skewer+1","Backstab","Leg Sweep","Night Terror","Necronomicurse","Deflect","Escape Plan","PiercingWail","Predator","Crippling Poison+1","After Image+1","Deflect+1","Flying Knee+1","PiercingWail","Dodge and Roll","Infinite Blades+1","After Image+1"],"relics":["Ring of the Snake","NeowsBlessing","Golden Idol","Blood Vial","WingedGreaves","Happy Flower","Pen Nib","Bag of Marbles","Potion Belt","Runic Dome","Necronomicon","Strawberry","Frozen Egg 2","Astrolabe","Orichalcum","Tiny Chest","Bottled Lightning","Pantograph"],"potions_floor_usage":[10,10,14,16,28,28,33,33,40,40,40,40,40],"damage_taken":[{"damage":0,"enemies":"Small Slimes","floor":1,"turns":1},{"damage":0,"enemies":"2 Louse","floor":2,"turns":1},{"damage":0,"enemies":"3 Sentries","floor":6,"turns":1},{"damage":31,"enemies":"Gremlin Nob","floor":10,"turns":4},{"damage":17,"enemies":"Lagavulin","floor":12,"turns":7},{"damage":0,"enemies":"Jaw Worm","floor":13,"turns":5},{"damage":10,"enemies":"3 Sentries","floor":14,"turns":5},{"damage":11,"enemies":"Hexaghost","floor":16,"turns":8},{"damage":9,"enemies":"2 Thieves","floor":18,"turns":4},{"damage":4,"enemies":"3 Byrds","floor":22,"turns":3},{"damage":6,"enemies":"Snecko","floor":24,"turns":4},{"damage":0,"enemies":"Snake Plant","floor":25,"turns":1},{"damage":15,"enemies":"Book of Stabbing","floor":28,"turns":3},{"damage":0,"enemies":"Cultist and Chosen","floor":29,"turns":2},{"damage":28,"enemies":"Collector","floor":33,"turns":5},{"damage":25,"enemies":"3 Darklings","floor":35,"turns":8},{"damage":0,"enemies":"3 Shapes","floor":37,"turns":4},{"damage":0,"enemies":"3 Darklings","floor":39,"turns":9},{"damage":23,"enemies":"Reptomancer","floor":40,"turns":6},{"damage":19,"enemies":"Giant Head","floor":42,"turns":5},{"damage":0,"enemies":"Sphere and 2 Shapes","floor":45,"turns":3},{"damage":44,"enemies":"Nemesis","floor":47,"turns":5}],"seed_played":"-5412499430974370105","potions_obtained":[{"floor":1,"key":"Dexterity Potion"},{"floor":2,"key":"EntropicBrew"},{"floor":16,"key":"Energy Potion"},{"floor":18,"key":"SkillPotion"},{"floor":25,"key":"PowerPotion"},{"floor":28,"key":"FearPotion"},{"floor":33,"key":"EntropicBrew"},{"floor":39,"key":"Weak Potion"},{"floor":42,"key":"Strength Potion"}],"is_trial":false,"path_per_floor":["M","M","?","$","?","E","R","R","T","E","R","E","M","E","R","B",null,"M","?","?","$","M","R","M","M","T","R","E","M","?","?","R","B",null,"M","T","M","?","M","E","R","E","T","R","M","R","E"],"character_chosen":"THE_SILENT","items_purchased":["Noxious Fumes","Deflect","Escape Plan","PowerPotion"],"campfire_rested":5,"item_purchase_floors":[4,21,21,21],"current_hp_per_floor":[59,59,59,59,24,26,26,44,44,15,33,18,20,12,12,3,46,39,39,18,18,16,34,30,32,32,50,44,46,46,46,46,20,55,32,32,34,34,36,15,35,18,18,18,20,20,0],"gold":335,"neow_bonus":"THREE_ENEMY_KILL","is_prod":false,"is_daily":false,"chose_seed":false,"campfire_upgraded":5,"win_rate":0,"timestamp":1553980885,"path_taken":["M","M","?","$","?","E","R","R","T","E","R","E","M","E","R","BOSS","M","?","?","$","M","R","M","M","T","R","E","M","?","?","R","BOSS","M","?","M","?","M","E","R","E","T","R","M","R","E"],"build_version":"2019-03-15","purchased_purges":1,"victory":false,"max_hp_per_floor":[66,66,60,60,60,60,60,60,60,60,60,60,60,60,60,60,60,60,60,60,60,60,60,60,60,60,60,67,67,67,67,67,67,67,67,67,67,67,67,67,67,67,67,67,67,67,67],"card_choices":[{"not_picked":["Expertise","Acrobatics"],"picked":"Deadly Poison","floor":1},{"not_picked":["Underhanded Strike","Slice"],"picked":"Catalyst","floor":2},{"not_picked":["Quick Slash","Outmaneuver"],"picked":"Leg Sweep","floor":6},{"not_picked":["A Thousand Cuts","Tools of the Trade"],"picked":"Predator","floor":10},{"not_picked":["Bane","Expertise"],"picked":"Skewer","floor":12},{"not_picked":["Sucker Punch","Slice"],"picked":"Backstab","floor":13},{"not_picked":["Sucker Punch","Acrobatics"],"picked":"Leg Sweep","floor":14},{"not_picked":["Storm of Steel","Phantasmal Killer"],"picked":"Night Terror","floor":16},{"not_picked":["Blade Dance","Skewer","Outmaneuver"],"picked":"SKIP","floor":18},{"not_picked":["Deflect","Distraction"],"picked":"PiercingWail","floor":22},{"not_picked":["Quick Slash","Dagger Spray","Leg Sweep"],"picked":"SKIP","floor":24},{"not_picked":["Prepared","Dagger Spray"],"picked":"Predator","floor":25},{"not_picked":["Dagger Throw","Deadly Poison","Phantasmal Killer"],"picked":"SKIP","floor":28},{"not_picked":["Deadly Poison","PiercingWail"],"picked":"Crippling Poison","floor":29},{"not_picked":["Prepared","Sucker Punch+1"],"picked":"PiercingWail","floor":35},{"not_picked":["Poisoned Stab","Quick Slash","Outmaneuver"],"picked":"SKIP","floor":37},{"not_picked":["Dagger Throw+1","Underhanded Strike"],"picked":"Dodge and Roll","floor":39},{"not_picked":["Concentrate","Tactician"],"picked":"Infinite Blades+1","floor":40},{"not_picked":["Outmaneuver","Sucker Punch","Finisher"],"picked":"SKIP","floor":42},{"not_picked":["Blade Dance","Deadly Poison"],"picked":"After Image+1","floor":45}],"player_experience":5388666,"relics_obtained":[{"floor":6,"key":"WingedGreaves"},{"floor":9,"key":"Happy Flower"},{"floor":10,"key":"Pen Nib"},{"floor":12,"key":"Bag of Marbles"},{"floor":14,"key":"Potion Belt"},{"floor":20,"key":"Necronomicon"},{"floor":28,"key":"Strawberry"},{"floor":36,"key":"Orichalcum"},{"floor":40,"key":"Tiny Chest"},{"floor":42,"key":"Bottled Lightning"},{"floor":43,"key":"Pantograph"}],"event_choices":[{"damage_healed":0,"gold_gain":0,"player_choice":"Lose Max HP","damage_taken":0,"relics_obtained":["Golden Idol"],"max_hp_gain":0,"max_hp_loss":6,"event_name":"Golden Idol","floor":3,"gold_loss":0},{"damage_healed":0,"gold_gain":0,"player_choice":"Success","damage_taken":35,"relics_obtained":["Blood Vial"],"max_hp_gain":0,"max_hp_loss":0,"event_name":"Scrap Ooze","floor":5,"gold_loss":0},{"cards_removed":["Strike_G"],"damage_healed":0,"gold_gain":0,"player_choice":"Gave Gold","damage_taken":0,"max_hp_gain":0,"max_hp_loss":0,"event_name":"Beggar","floor":19,"gold_loss":75},{"damage_healed":0,"gold_gain":0,"player_choice":"Obtained Book","damage_taken":21,"max_hp_gain":0,"max_hp_loss":0,"event_name":"Cursed Tome","floor":20,"gold_loss":0},{"damage_healed":0,"gold_gain":0,"player_choice":"Obtained Relic","damage_taken":0,"relics_obtained":["Frozen Egg 2"],"max_hp_gain":0,"max_hp_loss":0,"event_name":"Addict","floor":30,"gold_loss":85},{"damage_healed":0,"gold_gain":0,"player_choice":"Ignored","damage_taken":0,"max_hp_gain":0,"max_hp_loss":0,"event_name":"N\u0027loth","floor":31,"gold_loss":0},{"cards_removed":["Leg Sweep"],"damage_healed":0,"gold_gain":0,"player_choice":"Removed Skill","damage_taken":0,"max_hp_gain":0,"max_hp_loss":0,"event_name":"Falling","floor":38,"gold_loss":0}],"is_beta":true,"boss_relics":[{"not_picked":["Tiny House","Eternal Feather"],"picked":"Runic Dome"},{"not_picked":["Black Star","Philosopher\u0027s Stone"],"picked":"Astrolabe"}],"items_purged_floors":[21],"is_endless":false,"potions_floor_spawned":[1,2,16,18,25,28,33,39,42],"killed_by":"Nemesis","ascension_level":20}