{"gold_per_floor":[113,167,167,132,142,170,270,302,302,302,110,110,35,45,45,118,118,129,129,129,129,79,79,108,108,108,123,136,154,169,196,196,271,271,290,340,357,369,382,407,407,439,462,487,322,347,7,23,23,23,23,23,23,23,50,50],"floor_reached":57,"playtime":4012,"items_purged":["Strike_R","Anger+1","Strike_R+1"],"score":2907,"play_id":"4d6a5ec7-3373-430d-8268-5be24e7f4da2","local_time":"20190326224941","is_ascension_mode":true,"campfire_choices":[{"data":"Bash","floor":10,"key":"SMITH"},{"data":"Anger","floor":12,"key":"SMITH"},{"floor":15,"key":"REST"},{"floor":23,"key":"REST"},{"data":"Immolate","floor":25,"key":"SMITH"},{"data":"Bludgeon","floor":32,"key":"SMITH"},{"floor":41,"key":"RECALL"},{"data":"Heavy Blade","floor":49,"key":"SMITH"},{"data":"Flame Barrier","floor":53,"key":"SMITH"}],"neow_cost":"NONE","seed_source_timestamp":13595401666373,"circlet_count":0,"master_deck":["AscendersBane","Defend_R","Defend_R","Defend_R","Defend_R+1","Bash+1","Combust","Flame Barrier","Reaper","Corruption+1","Metallicize+1","Immolate+1","Second Wind+1","Hemokinesis+1","Flame Barrier+1","Sentinel","Necronomicurse","Battle Trance","Bludgeon+1","Shrug It Off+1","Entrench+1","Flame Barrier+1","Dropkick","Reaper","True Grit+1","Spot Weakness+1","Clothesline+1","Shockwave+1","Warcry+1","Inflame+1","Feel No Pain+1","Shrug It Off+1","Inflame+1","Disarm+1","Limit Break+1","Heavy Blade+1"],"relics":["Burning Blood","Boot","Bag of Preparation","Frozen Egg 2","Centennial Puzzle","Astrolabe","Necronomicon","Red Skull","Bottled Tornado","Toxic Egg 2","Snecko Eye","Ginger","Smiling Mask","The Courier","Happy Flower","Paper Frog"],"potions_floor_usage":[24,33,56,56],"damage_taken":[{"damage":1,"enemies":"Cultist","floor":1,"turns":3},{"damage":6,"enemies":"Jaw Worm","floor":5,"turns":3},{"damage":29,"enemies":"3 Sentries","floor":6,"turns":8},{"damage":38,"enemies":"Lagavulin","floor":8,"turns":6},{"damage":0,"enemies":"2 Louse","floor":14,"turns":3},{"damage":37,"enemies":"The Guardian","floor":16,"turns":14},{"damage":13,"enemies":"2 Thieves","floor":18,"turns":3},{"damage":8,"enemies":"Slavers","floor":24,"turns":2},{"damage":13,"enemies":"3 Byrds","floor":27,"turns":3},{"damage":0,"enemies":"Snecko","floor":28,"turns":4},{"damage":2,"enemies":"Centurion and Healer","floor":29,"turns":2},{"damage":3,"enemies":"Snake Plant","floor":30,"turns":2},{"damage":5,"enemies":"Book of Stabbing","floor":31,"turns":4},{"damage":36,"enemies":"Champ","floor":33,"turns":7},{"damage":0,"enemies":"Orb Walker","floor":35,"turns":4},{"damage":0,"enemies":"3 Darklings","floor":37,"turns":6},{"damage":15,"enemies":"Transient","floor":38,"turns":6},{"damage":34,"enemies":"Jaw Worm Horde","floor":39,"turns":4},{"damage":10,"enemies":"Giant Head","floor":40,"turns":5},{"damage":0,"enemies":"Nemesis","floor":42,"turns":5},{"damage":2,"enemies":"Giant Head","floor":44,"turns":4},{"damage":5,"enemies":"Nemesis","floor":46,"turns":7},{"damage":17,"enemies":"Writhing Mass","floor":48,"turns":4},{"damage":14,"enemies":"Donu and Deca","floor":50,"turns":6},{"damage":44,"enemies":"Awakened One","floor":51,"turns":8},{"damage":4,"enemies":"Shield and Spear","floor":55,"turns":5},{"damage":49,"enemies":"The Heart","floor":56,"turns":7}],"seed_played":"4643344513016905152","potions_obtained":[{"floor":6,"key":"FairyPotion"},{"floor":16,"key":"Energy Potion"},{"floor":18,"key":"Dexterity Potion"},{"floor":24,"key":"SteroidPotion"},{"floor":35,"key":"Strength Potion"}],"is_trial":false,"path_per_floor":["M","T","?","?","M","E","?","E","T","R","$","R","$","M","R","B",null,"M","?","?","?","?","R","E","R","T","M","M","M","M","E","R","B",null,"M","?","M","M","M","E","R","E","T","E","$","E","$","M","R","B","B",null,"R","$","E","B",null],"character_chosen":"IRONCLAD","items_purchased":["Reaper","Corruption+1","Feel No Pain+1","Shrug It Off+1","Inflame+1","Disarm+1","Limit Break+1","Strength Potion"],"campfire_rested":2,"item_purchase_floors":[11,11,45,45,47,47,47,47],"current_hp_per_floor":[73,73,50,68,68,45,45,13,13,13,13,13,13,24,46,15,60,63,42,21,21,21,45,58,58,58,73,80,80,80,80,80,50,73,80,72,80,80,62,70,70,80,80,80,80,80,80,80,80,80,80,80,80,80,80,80],"gold":50,"neow_bonus":"THREE_CARDS","is_prod":false,"is_daily":false,"chose_seed":false,"campfire_upgraded":6,"win_rate":0,"timestamp":1553665781,"path_taken":["M","?","?","?","M","E","?","E","T","R","$","R","$","M","R","BOSS","M","?","?","?","?","R","E","R","T","M","?","M","M","E","R","BOSS","M","?","M","?","M","E","R","E","T","E","?","E","$","M","R","BOSS","BOSS","R","$","E","BOSS"],"build_version":"2019-03-15","purchased_purges":3,"victory":true,"max_hp_per_floor":[75,75,75,75,75,75,75,75,75,75,75,75,75,75,75,75,75,75,75,80,80,80,80,80,80,80,80,80,80,80,80,80,80,80,80,80,80,80,80,80,80,80,80,80,80,80,80,80,80,80,80,80,80,80,80,80],"card_choices":[{"not_picked":["Wild Strike","Heavy Blade"],"picked":"Anger","floor":0},{"not_picked":["Perfected Strike","Evolve"],"picked":"Combust","floor":1},{"not_picked":["Anger","Havoc","Cleave"],"picked":"SKIP","floor":5},{"not_picked":["Infernal Blade","Headbutt"],"picked":"Flame Barrier","floor":6},{"not_picked":["Berserk","Twin Strike","Havoc"],"picked":"SKIP","floor":8},{"not_picked":["Seeing Red","True Grit"],"picked":"Metallicize+1","floor":14},{"not_picked":["Brutality+1","Bludgeon"],"picked":"Immolate","floor":16},{"not_picked":["Armaments","Body Slam"],"picked":"Sentinel","floor":18},{"not_picked":["Double Tap","Cleave"],"picked":"Bludgeon","floor":24},{"not_picked":["Sword Boomerang","True Grit","Headbutt"],"picked":"SKIP","floor":27},{"not_picked":["Body Slam","Ghostly Armor"],"picked":"Shrug It Off+1","floor":28},{"not_picked":["Armaments","Fire Breathing+1"],"picked":"Entrench+1","floor":29},{"not_picked":["Anger","Corruption+1"],"picked":"Flame Barrier","floor":30},{"not_picked":["Anger","Evolve+1"],"picked":"Dropkick","floor":31},{"not_picked":["Brutality+1","Double Tap+1"],"picked":"Reaper","floor":33},{"not_picked":["Heavy Blade","Second Wind+1"],"picked":"True Grit+1","floor":35},{"not_picked":["Flex+1","Dual Wield+1"],"picked":"Spot Weakness+1","floor":37},{"not_picked":["Heavy Blade+1","Havoc+1"],"picked":"Clothesline+1","floor":38},{"not_picked":["Thunderclap","Cleave","Infernal Blade+1"],"picked":"SKIP","floor":39},{"not_picked":["Seeing Red+1","Whirlwind"],"picked":"Shockwave+1","floor":40},{"not_picked":["Pummel","Clothesline"],"picked":"Warcry+1","floor":42},{"not_picked":["Fire Breathing+1","Intimidate+1"],"picked":"Inflame+1","floor":44},{"not_picked":["Headbutt","Cleave","Pommel Strike"],"picked":"SKIP","floor":46},{"not_picked":["Anger","Rage+1"],"picked":"Heavy Blade","floor":48},{"not_picked":["Searing Blow","Anger+1","Havoc+1"],"picked":"SKIP","floor":55}],"player_experience":5341705,"relics_obtained":[{"floor":2,"key":"Boot"},{"floor":6,"key":"Bag of Preparation"},{"floor":8,"key":"Frozen Egg 2"},{"floor":9,"key":"Centennial Puzzle"},{"floor":19,"key":"Necronomicon"},{"floor":24,"key":"Red Skull"},{"floor":26,"key":"Bottled Tornado"},{"floor":31,"key":"Toxic Egg 2"},{"floor":40,"key":"Ginger"},{"floor":42,"key":"Smiling Mask"},{"floor":44,"key":"The Courier"},{"floor":46,"key":"Happy Flower"},{"floor":55,"key":"Paper Frog"}],"event_choices":[{"damage_healed":0,"gold_gain":0,"player_choice":"Entered Light","damage_taken":23,"max_hp_gain":0,"max_hp_loss":0,"event_name":"Shining Light","floor":3,"gold_loss":0,"cards_upgraded":["Strike_R","Defend_R"]},{"damage_healed":18,"gold_gain":0,"player_choice":"Healed","damage_taken":0,"max_hp_gain":0,"max_hp_loss":0,"event_name":"The Cleric","floor":4,"gold_loss":35},{"damage_healed":0,"gold_gain":100,"player_choice":"Gold","damage_taken":0,"max_hp_gain":0,"max_hp_loss":0,"event_name":"Wheel of Change","floor":7,"gold_loss":0},{"damage_healed":0,"gold_gain":0,"player_choice":"Obtained Book","damage_taken":21,"max_hp_gain":0,"max_hp_loss":0,"event_name":"Cursed Tome","floor":19,"gold_loss":0},{"damage_healed":0,"gold_gain":0,"player_choice":"Shed Blood","damage_taken":26,"max_hp_gain":5,"max_hp_loss":0,"event_name":"Forgotten Altar","floor":20,"gold_loss":0},{"damage_healed":0,"gold_gain":0,"player_choice":"Read","damage_taken":0,"max_hp_gain":0,"max_hp_loss":0,"event_name":"The Library","floor":21,"gold_loss":0,"cards_obtained":["Battle Trance"]},{"damage_healed":0,"gold_gain":0,"player_choice":"Bet on Murderer","damage_taken":0,"max_hp_gain":0,"max_hp_loss":0,"event_name":"The Joust","floor":22,"gold_loss":50},{"damage_healed":0,"gold_gain":50,"player_choice":"Touch","damage_taken":8,"max_hp_gain":0,"max_hp_loss":0,"event_name":"FaceTrader","floor":36,"gold_loss":0}],"is_beta":true,"boss_relics":[{"not_picked":["Black Blood","Busted Crown"],"picked":"Astrolabe"},{"not_picked":["Pandora\u0027s Box","Lizard Tail"],"picked":"Snecko Eye"}],"items_purged_floors":[13,45,47],"is_endless":false,"potions_floor_spawned":[6,16,18,24,27,29,35,39,42,44],"ascension_level":20}