{"gold_per_floor":[117,117,117,136,136,136,148,174,201,215,227,227,254,273,273,273],"floor_reached":16,"playtime":853,"items_purged":[],"score":224,"play_id":"6dd5af16-4cf2-4e93-8d57-4e71e0cf3695","local_time":"20190327121618","is_ascension_mode":true,"campfire_choices":[{"floor":6,"key":"REST"},{"floor":12,"key":"REST"},{"data":"Deadly Poison","floor":15,"key":"SMITH"}],"neow_cost":"NONE","seed_source_timestamp":65186308794106,"circlet_count":0,"master_deck":["AscendersBane","Defend_G","Defend_G","Defend_G","Defend_G","Defend_G+1","Strike_G","Strike_G","Strike_G+1","Strike_G","Survivor","Neutralize","Backstab","Masterful Stab","Dagger Throw","Glass Knife","Deadly Poison+1","Backflip"],"relics":["Ring of the Snake","Art of War","Blood Vial","Gremlin Horn","Snake Skull","Meat on the Bone"],"potions_floor_usage":[13,16,16],"damage_taken":[{"damage":0,"enemies":"Jaw Worm","floor":1,"turns":5},{"damage":0,"enemies":"2 Louse","floor":4,"turns":4},{"damage":0,"enemies":"Cultist","floor":7,"turns":3},{"damage":37,"enemies":"3 Sentries","floor":8,"turns":12},{"damage":0,"enemies":"Large Slime","floor":10,"turns":4},{"damage":0,"enemies":"2 Fungi Beasts","floor":11,"turns":2},{"damage":14,"enemies":"Lagavulin","floor":13,"turns":6},{"damage":6,"enemies":"Exordium Thugs","floor":14,"turns":4},{"damage":30,"enemies":"Hexaghost","floor":16,"turns":9}],"seed_played":"-2218757699959280574","potions_obtained":[{"floor":4,"key":"Weak Potion"},{"floor":11,"key":"Poison Potion"},{"floor":13,"key":"Dexterity Potion"}],"is_trial":false,"path_per_floor":["M","?","?","M","?","R","M","E","T","M","M","R","E","M","R","B"],"character_chosen":"THE_SILENT","items_purchased":[],"campfire_rested":2,"item_purchase_floors":[],"current_hp_per_floor":[59,48,41,43,23,42,44,9,9,11,13,32,20,28,28,0],"gold":273,"neow_bonus":"RANDOM_COMMON_RELIC","is_prod":false,"is_daily":false,"chose_seed":false,"campfire_upgraded":1,"win_rate":0,"timestamp":1553714178,"path_taken":["M","?","?","M","?","R","M","E","T","M","M","R","E","M","R","BOSS"],"build_version":"2019-03-15","purchased_purges":0,"victory":false,"max_hp_per_floor":[66,66,66,66,66,66,66,66,66,66,66,66,66,66,66,66],"card_choices":[{"not_picked":["Backflip","Cloak And Dagger"],"picked":"Backstab","floor":1},{"not_picked":["Reflex","Dodge and Roll"],"picked":"Masterful Stab","floor":4},{"not_picked":["Slice","Prepared"],"picked":"Dagger Throw","floor":7},{"not_picked":["Dagger Throw","Escape Plan"],"picked":"Glass Knife","floor":8},{"not_picked":["Skewer","Deadly Poison","Dagger Throw"],"picked":"SKIP","floor":10},{"not_picked":["Skewer","Dagger Throw"],"picked":"Deadly Poison","floor":10},{"not_picked":["Outmaneuver","Slice","Distraction"],"picked":"SKIP","floor":11},{"not_picked":["Flying Knee","Eviscerate","Bane"],"picked":"SKIP","floor":13},{"not_picked":["Poisoned Stab","Bane"],"picked":"Backflip","floor":14}],"player_experience":5347966,"relics_obtained":[{"floor":8,"key":"Gremlin Horn"},{"floor":9,"key":"Snake Skull"},{"floor":13,"key":"Meat on the Bone"}],"event_choices":[{"damage_healed":0,"gold_gain":0,"player_choice":"Success","damage_taken":11,"relics_obtained":["Blood Vial"],"max_hp_gain":0,"max_hp_loss":0,"event_name":"Scrap Ooze","floor":2,"gold_loss":0},{"cards_removed":["Strike_G"],"damage_healed":0,"gold_gain":0,"player_choice":"Card Removal","damage_taken":7,"max_hp_gain":0,"max_hp_loss":0,"event_name":"Golden Wing","floor":3,"gold_loss":0},{"damage_healed":0,"gold_gain":0,"player_choice":"Entered Light","damage_taken":20,"max_hp_gain":0,"max_hp_loss":0,"event_name":"Shining Light","floor":5,"gold_loss":0,"cards_upgraded":["Defend_G","Strike_G"]}],"is_beta":true,"boss_relics":[],"items_purged_floors":[],"is_endless":false,"potions_floor_spawned":[4,11,13],"killed_by":"Hexaghost","ascension_level":20}