{"gold_per_floor":[115,126,138,138,63,63,94,105,152,152,164,164,176,203,203,276,276,293,293,263,66,66,81,81,81,158,187,204,234,234,4,4,75,75,93,110,210,222,43,43,78,78,104,133,150,110,26,41,41,41,41,41,41,41,74,74],"floor_reached":56,"playtime":6140,"items_purged":["Pain","Strike_B"],"score":1960,"play_id":"c421e66c-c606-45b9-a7c2-ec9aa6dbad29","local_time":"20190321122127","is_ascension_mode":true,"campfire_choices":[{"data":"Zap","floor":6.0,"key":"SMITH"},{"data":"Reinforced Body","floor":10.0,"key":"SMITH"},{"data":"Doom and Gloom","floor":12.0,"key":"SMITH"},{"data":"Barrage","floor":15.0,"key":"SMITH"},{"data":"Seek","floor":24.0,"key":"SMITH"},{"floor":32.0,"key":"REST"},{"data":"Defragment","floor":40.0,"key":"SMITH"},{"floor":42,"key":"RECALL"},{"data":"Strike_B","floor":49,"key":"PURGE"},{"floor":53,"key":"REST"}],"neow_cost":"NONE","seed_source_timestamp":0,"circlet_count":0,"master_deck":["AscendersBane","Defend_B","Defend_B","Defend_B","Zap+1","Dualcast","Conserve Battery+1","Coolheaded","FTL","Reinforced Body+1","Doom and Gloom+1","Glacier","Barrage+1","Seek+1","Steam","Stack+1","Apotheosis","Gash","Leap+1","Skim","Steam Power+1","Genetic Algorithm","Electrodynamics","Storm","Buffer","Defragment+1","Gash","Redo","Defragment+1","Coolheaded","Coolheaded+1","Capacitor","Creative AI","Recycle"],"special_seed":0,"relics":["Cracked Core","WarpedTongs","Ornamental Fan","Bag of Marbles","Lantern","Runic Pyramid","Sundial","Calipers","Boot","Runic Capacitor","Velvet Choker","Peace Pipe","Ancient Tea Set","Strawberry","War Paint","Bird Faced Urn"],"potions_floor_usage":[45,45,51,55,55,56,56],"damage_taken":[{"damage":1.0,"enemies":"Cultist","floor":1.0,"turns":4.0},{"damage":4.0,"enemies":"2 Louse","floor":2.0,"turns":2.0},{"damage":0.0,"enemies":"Small Slimes","floor":3.0,"turns":2.0},{"damage":9.0,"enemies":"Gremlin Nob","floor":7.0,"turns":3.0},{"damage":5.0,"enemies":"Exordium Wildlife","floor":8.0,"turns":3.0},{"damage":0.0,"enemies":"2 Fungi Beasts","floor":11.0,"turns":3.0},{"damage":0.0,"enemies":"Exordium Thugs","floor":13.0,"turns":3.0},{"damage":6.0,"enemies":"3 Sentries","floor":14.0,"turns":11.0},{"damage":24.0,"enemies":"Slime Boss","floor":16.0,"turns":16.0},{"damage":0.0,"enemies":"3 Byrds","floor":18.0,"turns":4.0},{"damage":6.0,"enemies":"2 Thieves","floor":20.0,"turns":4.0},{"damage":1.0,"enemies":"Chosen and Byrds","floor":23.0,"turns":5.0},{"damage":13.0,"enemies":"Slavers","floor":27.0,"turns":4.0},{"damage":4.0,"enemies":"3 Cultists","floor":28.0,"turns":5.0},{"damage":24.0,"enemies":"Gremlin Leader","floor":29.0,"turns":11.0},{"damage":9.0,"enemies":"Automaton","floor":33.0,"turns":11.0},{"damage":10.0,"enemies":"3 Darklings","floor":35.0,"turns":4.0},{"damage":4.0,"enemies":"Orb Walker","floor":36.0,"turns":3.0},{"damage":0.0,"enemies":"Mind Bloom Boss Battle","floor":37.0,"turns":6.0},{"damage":0.0,"enemies":"Maw","floor":38.0,"turns":7.0},{"damage":5.0,"enemies":"Giant Head","floor":41.0,"turns":9.0},{"damage":0,"enemies":"Nemesis","floor":44,"turns":9},{"damage":4,"enemies":"Jaw Worm Horde","floor":45,"turns":3},{"damage":1,"enemies":"3 Darklings","floor":48,"turns":4},{"damage":1,"enemies":"Donu and Deca","floor":50,"turns":7},{"damage":27,"enemies":"Awakened One","floor":51,"turns":21},{"damage":19,"enemies":"Shield and Spear","floor":55,"turns":8},{"damage":79,"enemies":"The Heart","floor":56,"turns":3}],"seed_played":"446999628711826561","potions_obtained":[{"floor":0.0,"key":"Strength Potion"},{"floor":0.0,"key":"AttackPotion"},{"floor":1.0,"key":"Fire Potion"},{"floor":11.0,"key":"Swift Potion"},{"floor":13.0,"key":"Regen Potion"},{"floor":16.0,"key":"Poison Potion"},{"floor":19.0,"key":"Fire Potion"},{"floor":27.0,"key":"Weak Potion"},{"floor":33.0,"key":"Poison Potion"},{"floor":36.0,"key":"Energy Potion"},{"floor":41,"key":"Weak Potion"},{"floor":46,"key":"EntropicBrew"},{"floor":46,"key":"Weak Potion"},{"floor":55,"key":"SkillPotion"}],"is_trial":false,"path_per_floor":["M","M","M","?","$","R","E","M","T","R","M","R","M","E","R","B",null,"M","?","M","$","T","M","R","?","T","E","M","E","?","$","R","B",null,"M","M","?","M","$","R","E","R","T","E","M","?","$","M","R","B","B",null,"R","$","E","B"],"character_chosen":"DEFECT","items_purchased":["Apotheosis","Runic Capacitor","Defragment","Capacitor"],"campfire_rested":2,"item_purchase_floors":[21,31,39,47],"current_hp_per_floor":[63,59,59,59,59,59,50,45,45,45,45,45,45,54,54,30,61,61,61,55,55,55,54,54,54,54,41,37,13,13,13,34,25,60,50,46,46,46,46,46,41,41,48,48,44,44,44,43,43,42,15,62,78,78,59,0],"gold":74,"neow_bonus":"THREE_SMALL_POTIONS","is_prod":false,"is_daily":false,"chose_seed":false,"campfire_upgraded":6,"win_rate":0,"timestamp":1553196087,"path_taken":["M","?","M","?","$","R","E","M","T","R","M","R","M","E","R","BOSS","M","?","M","$","?","M","R","?","T","E","?","E","?","?","R","BOSS","M","M","?","M","$","R","E","R","T","E","M","?","?","M","R","BOSS","BOSS","R","$","E","BOSS"],"build_version":"2019-03-15","purchased_purges":2,"victory":false,"max_hp_per_floor":[71,71,71,71,71,71,71,71,71,71,71,71,71,71,71,71,71,71,71,71,71,71,71,71,71,71,71,71,71,71,71,71,71,71,71,71,71,71,71,71,71,71,78,78,78,78,78,78,78,78,78,78,78,78,78,78],"card_choices":[{"not_picked":["Undo","Fusion"],"picked":"Conserve Battery","floor":1.0},{"not_picked":["Steam","White Noise"],"picked":"Coolheaded","floor":2.0},{"not_picked":["Gash","Melter"],"picked":"FTL","floor":3.0},{"not_picked":["Double Energy","Steam Power","Auto Shields"],"picked":"SKIP","floor":7.0},{"not_picked":["Multi-Cast","Leap"],"picked":"Reinforced Body","floor":8.0},{"not_picked":["Go for the Eyes","Chill"],"picked":"Doom and Gloom","floor":11.0},{"not_picked":["Scrape","Coolheaded"],"picked":"Glacier","floor":13.0},{"not_picked":["Turbo","Redo"],"picked":"Barrage","floor":14.0},{"not_picked":["Multi-Cast","Amplify"],"picked":"Seek","floor":16.0},{"not_picked":["Barrage","Leap"],"picked":"Steam","floor":18.0},{"not_picked":["Steam","Hologram"],"picked":"Stack+1","floor":20.0},{"not_picked":["Turbo","Coolheaded"],"picked":"Gash","floor":23.0},{"not_picked":["Cold Snap","Thunder Strike","Steam Power+1"],"picked":"SKIP","floor":27.0},{"not_picked":["Cold Snap","Thunder Strike"],"picked":"Steam Power+1","floor":27.0},{"not_picked":["Force Field","Beam Cell"],"picked":"Genetic Algorithm","floor":28.0},{"not_picked":["Rebound","Doom and Gloom"],"picked":"Electrodynamics","floor":29.0},{"not_picked":["Reboot","Hyperbeam"],"picked":"Buffer","floor":33.0},{"not_picked":["Coolheaded","Rip and Tear"],"picked":"Defragment+1","floor":35.0},{"not_picked":["Beam Cell","Steam+1","Chaos"],"picked":"SKIP","floor":36.0},{"not_picked":["Aggregate","Rip and Tear+1"],"picked":"Gash","floor":37.0},{"not_picked":["Leap","Turbo"],"picked":"Redo","floor":38.0},{"not_picked":["Tempest+1","Compile Driver","Undo"],"picked":"SKIP","floor":41},{"not_picked":["Compile Driver+1","Doom and Gloom+1"],"picked":"Coolheaded","floor":44},{"not_picked":["Redo+1","Gash"],"picked":"Coolheaded+1","floor":45},{"not_picked":["Sweeping Beam","Gash+1"],"picked":"Creative AI","floor":48},{"not_picked":["Go for the Eyes","Coolheaded"],"picked":"Recycle","floor":55}],"player_experience":5270089,"relics_obtained":[{"floor":7.0,"key":"Ornamental Fan"},{"floor":9.0,"key":"Bag of Marbles"},{"floor":14.0,"key":"Lantern"},{"floor":26.0,"key":"Sundial"},{"floor":27.0,"key":"Calipers"},{"floor":29.0,"key":"Boot"},{"floor":37.0,"key":"Peace Pipe"},{"floor":41,"key":"Ancient Tea Set"},{"floor":43,"key":"Strawberry"},{"floor":44,"key":"War Paint"},{"floor":55,"key":"Bird Faced Urn"}],"event_choices":[{"damage_healed":0.0,"max_hp_gain":0.0,"max_hp_loss":0.0,"gold_gain":0.0,"event_name":"Accursed Blacksmith","player_choice":"Rummage","floor":4.0,"gold_loss":0.0,"damage_taken":0.0,"relics_obtained":["WarpedTongs"],"cards_obtained":["Pain"]},{"damage_healed":0.0,"max_hp_gain":0.0,"max_hp_loss":0.0,"gold_gain":0.0,"event_name":"Lab","player_choice":"Got Potions","floor":19.0,"gold_loss":0.0,"damage_taken":0.0},{"damage_healed":0.0,"max_hp_gain":0.0,"max_hp_loss":0.0,"gold_gain":0.0,"cards_transformed":["Strike_B","Strike_B"],"event_name":"Drug Dealer","player_choice":"Became Test Subject","floor":25.0,"gold_loss":0.0,"damage_taken":0.0,"cards_obtained":["Leap","Skim"]},{"damage_healed":0.0,"max_hp_gain":0.0,"max_hp_loss":0.0,"gold_gain":0.0,"cards_transformed":["Defend_B"],"event_name":"Transmorgrifier","player_choice":"Transformed","floor":30.0,"gold_loss":0.0,"damage_taken":0.0,"cards_obtained":["Storm"]},{"damage_healed":0.0,"max_hp_gain":0.0,"max_hp_loss":0.0,"gold_gain":0.0,"event_name":"MindBloom","player_choice":"Fight","floor":37.0,"gold_loss":0.0,"damage_taken":0.0},{"damage_healed":0,"gold_gain":0,"player_choice":"Bought 3 Potions","damage_taken":0,"max_hp_gain":0,"max_hp_loss":0,"event_name":"The Woman in Blue","floor":46,"gold_loss":0}],"is_beta":true,"boss_relics":[{"not_picked":["White Beast Statue","Fusion Hammer"],"picked":"Runic Pyramid"},{"not_picked":["Coffee Dripper","Orrery"],"picked":"Velvet Choker"}],"items_purged_floors":[5,39],"is_endless":false,"potions_floor_spawned":[1,3,11,13,16,20,27,33,36,37,41,44,48,55],"killed_by":"The Heart","ascension_level":20}