{"gold_per_floor":[119,119,119,136,8,8,8,38,38,38,51,71,105,129,141,230,242,268,57,81,100,117,146,146,178,203,218,218,230,259,284,284,358,358,376,376,476,496,496,528,528,557,626,638,638,860,860,872,872,872,872,872,872,247,281,281],"floor_reached":57,"playtime":4414,"items_purged":["Strike_B","Strike_B","Strike_B+1"],"score":3031,"play_id":"27e16d69-cc3a-42bb-b213-3e6b2ed025a5","local_time":"20190324141350","is_ascension_mode":true,"campfire_choices":[{"data":"Doom and Gloom","floor":7,"key":"SMITH"},{"floor":10,"key":"REST"},{"data":"Biased Cognition","floor":15,"key":"SMITH"},{"floor":24,"key":"REST"},{"data":"Defragment","floor":28,"key":"SMITH"},{"data":"Capacitor","floor":32,"key":"SMITH"},{"data":"Defragment","floor":41,"key":"SMITH"},{"data":"Loop","floor":45,"key":"SMITH"},{"floor":49,"key":"RECALL"},{"data":"Defragment","floor":53,"key":"SMITH"}],"neow_cost":"NONE","seed_source_timestamp":51097521407631,"circlet_count":0,"master_deck":["AscendersBane","Defend_B","Defend_B","Defend_B","Defend_B","Zap+1","Dualcast","Genetic Algorithm","Doom and Gloom+1","Conserve Battery","Compile Driver","FTL","Biased Cognition+1","Biased Cognition","Coolheaded","Hologram+1","Cold Snap","Defragment+1","Chill","Hologram","Defragment+1","Capacitor+1","Defragment+1","Master of Strategy","Panache","Heatsinks","Loop+1","Writhe","Doom and Gloom+1","Loop","Thinking Ahead","PanicButton","Darkness+1"],"relics":["Cracked Core","FaceOfCleric","Smiling Mask","Bag of Preparation","MawBank","Runic Dome","DataDisk","Oddly Smooth Stone","Blood Vial","Mummified Hand","Anchor","Red Mask","Sozu","Ginger","Happy Flower","Centennial Puzzle","Blue Candle","Membership Card","Orichalcum","Bronze Scales","Mango"],"potions_floor_usage":[8,16,23,25,56,56],"damage_taken":[{"damage":4,"enemies":"Small Slimes","floor":1,"turns":3},{"damage":1,"enemies":"2 Louse","floor":4,"turns":2},{"damage":22,"enemies":"Lagavulin","floor":8,"turns":6},{"damage":1,"enemies":"Cultist","floor":11,"turns":3},{"damage":0,"enemies":"Exordium Wildlife","floor":12,"turns":3},{"damage":15,"enemies":"3 Sentries","floor":13,"turns":5},{"damage":1,"enemies":"Looter","floor":14,"turns":3},{"damage":43,"enemies":"Slime Boss","floor":16,"turns":9},{"damage":6,"enemies":"Spheric Guardian","floor":18,"turns":3},{"damage":0,"enemies":"Chosen","floor":21,"turns":3},{"damage":3,"enemies":"Centurion and Healer","floor":22,"turns":6},{"damage":31,"enemies":"Slavers","floor":23,"turns":5},{"damage":0,"enemies":"Book of Stabbing","floor":25,"turns":4},{"damage":0,"enemies":"Cultist and Chosen","floor":27,"turns":5},{"damage":0,"enemies":"Snake Plant","floor":29,"turns":4},{"damage":0,"enemies":"Slavers","floor":30,"turns":5},{"damage":0,"enemies":"Masked Bandits","floor":31,"turns":2},{"damage":10,"enemies":"Champ","floor":33,"turns":13},{"damage":0,"enemies":"Orb Walker","floor":35,"turns":3},{"damage":0,"enemies":"Mind Bloom Boss Battle","floor":37,"turns":7},{"damage":7,"enemies":"3 Darklings","floor":38,"turns":4},{"damage":0,"enemies":"Nemesis","floor":40,"turns":5},{"damage":0,"enemies":"Giant Head","floor":42,"turns":8},{"damage":0,"enemies":"Maw","floor":44,"turns":4},{"damage":6,"enemies":"Transient","floor":48,"turns":6},{"damage":19,"enemies":"Donu and Deca","floor":50,"turns":6},{"damage":6,"enemies":"Time Eater","floor":51,"turns":41},{"damage":1,"enemies":"Shield and Spear","floor":55,"turns":6},{"damage":38,"enemies":"The Heart","floor":56,"turns":11}],"seed_played":"-4249295796663251613","potions_obtained":[{"floor":8,"key":"FearPotion"},{"floor":14,"key":"Fire Potion"},{"floor":16,"key":"FocusPotion"},{"floor":18,"key":"Swift Potion"},{"floor":27,"key":"Weak Potion"},{"floor":29,"key":"Block Potion"},{"floor":31,"key":"FocusPotion"}],"is_trial":false,"path_per_floor":["M","?","?","M","$","?","R","E","T","R","M","M","E","M","R","B",null,"M","$","T","M","M","E","R","E","T","M","R","M","E","?","R","B",null,"M","?","?","M","?","E","R","E","T","M","R","?","?","M","R","B","B",null,"R","$","E","B",null],"character_chosen":"DEFECT","items_purchased":["Energy Potion","DataDisk","Membership Card","Orichalcum","Bronze Scales","Loop","Thinking Ahead","PanicButton"],"campfire_rested":2,"item_purchase_floors":[5,19,54,54,54,54,54,54],"current_hp_per_floor":[60,65,65,64,64,64,64,43,43,66,66,67,53,53,53,11,64,59,59,59,60,58,28,53,56,56,59,59,62,65,68,68,61,84,87,87,90,86,76,79,79,82,82,85,85,85,98,93,93,77,74,94,94,94,110,75],"gold":281,"neow_bonus":"UPGRADE_CARD","is_prod":false,"is_daily":false,"chose_seed":false,"campfire_upgraded":7,"win_rate":0,"timestamp":1553462030,"path_taken":["M","?","?","M","$","?","R","E","T","R","M","M","E","M","R","BOSS","M","$","?","M","M","E","R","E","T","M","R","M","E","?","R","BOSS","M","?","?","M","?","E","R","E","T","M","R","?","?","?","R","BOSS","BOSS","R","$","E","BOSS"],"build_version":"2019-03-15","purchased_purges":3,"victory":true,"max_hp_per_floor":[71,76,76,76,76,76,76,77,77,77,78,79,80,81,81,82,82,83,83,83,84,85,86,86,87,87,88,88,89,90,91,91,92,92,93,93,94,95,95,96,96,97,97,98,98,98,98,99,99,100,101,101,101,101,116,117],"card_choices":[{"not_picked":["Turbo","Sweeping Beam"],"picked":"Genetic Algorithm","floor":1},{"not_picked":["Undo","Double Energy"],"picked":"Doom and Gloom","floor":4},{"not_picked":["Scrape","Heatsinks"],"picked":"Conserve Battery","floor":8},{"not_picked":["Redo","Beam Cell"],"picked":"Compile Driver","floor":11},{"not_picked":["Rip and Tear","Rebound"],"picked":"FTL","floor":12},{"not_picked":["Glacier","White Noise"],"picked":"Biased Cognition","floor":13},{"not_picked":["Compile Driver","Fusion","Tempest"],"picked":"SKIP","floor":14},{"not_picked":["Machine Learning","Reboot"],"picked":"Biased Cognition","floor":16},{"not_picked":["Barrage","Redo"],"picked":"Coolheaded","floor":18},{"not_picked":["Rebound","Thunder Strike"],"picked":"Hologram+1","floor":21},{"not_picked":["Go for the Eyes","Streamline"],"picked":"Cold Snap","floor":22},{"not_picked":["All For One","Beam Cell"],"picked":"Defragment","floor":23},{"not_picked":["Rebound","Steam Power"],"picked":"Chill","floor":25},{"not_picked":["Beam Cell","Redo","Stack"],"picked":"SKIP","floor":27},{"not_picked":["Tempest","White Noise"],"picked":"Hologram","floor":29},{"not_picked":["Hologram","Self Repair"],"picked":"Defragment","floor":30},{"not_picked":["Sweeping Beam","Ball Lightning"],"picked":"Capacitor","floor":31},{"not_picked":["Ball Lightning","Streamline"],"picked":"Defragment","floor":35},{"not_picked":["Conserve Battery","Cold Snap+1","Darkness"],"picked":"SKIP","floor":38},{"not_picked":["Metamorphosis","Dramatic Entrance"],"picked":"Master of Strategy","floor":39},{"not_picked":["Dark Shackles","Enlightenment"],"picked":"Panache","floor":39},{"not_picked":["Rip and Tear","Reprogram+1"],"picked":"Heatsinks","floor":40},{"not_picked":["Barrage","Gash","Chaos"],"picked":"SKIP","floor":42},{"not_picked":["Redo","Barrage"],"picked":"Loop","floor":44},{"not_picked":["Hello World","Sunder"],"picked":"Doom and Gloom+1","floor":48},{"not_picked":["Rip and Tear","Sweeping Beam"],"picked":"Darkness+1","floor":55}],"player_experience":5328762,"relics_obtained":[{"floor":8,"key":"Smiling Mask"},{"floor":9,"key":"Bag of Preparation"},{"floor":13,"key":"MawBank"},{"floor":20,"key":"Oddly Smooth Stone"},{"floor":23,"key":"Blood Vial"},{"floor":25,"key":"Mummified Hand"},{"floor":30,"key":"Anchor"},{"floor":31,"key":"Red Mask"},{"floor":37,"key":"Ginger"},{"floor":40,"key":"Happy Flower"},{"floor":42,"key":"Centennial Puzzle"},{"floor":43,"key":"Blue Candle"},{"floor":55,"key":"Mango"}],"event_choices":[{"damage_healed":0,"gold_gain":0,"player_choice":"Donut","damage_taken":0,"max_hp_gain":5,"max_hp_loss":0,"event_name":"Big Fish","floor":2,"gold_loss":0},{"damage_healed":0,"gold_gain":0,"player_choice":"Grow","damage_taken":0,"max_hp_gain":0,"max_hp_loss":0,"event_name":"Living Wall","floor":3,"gold_loss":0,"cards_upgraded":["Strike_B"]},{"damage_healed":0,"gold_gain":0,"player_choice":"Trade","damage_taken":0,"relics_obtained":["FaceOfCleric"],"max_hp_gain":0,"max_hp_loss":0,"event_name":"FaceTrader","floor":6,"gold_loss":0},{"damage_healed":0,"gold_gain":0,"player_choice":"Fought Bandits","damage_taken":0,"max_hp_gain":0,"max_hp_loss":0,"event_name":"Masked Bandits","floor":31,"gold_loss":0},{"cards_removed":["Strike_B"],"damage_healed":0,"gold_gain":0,"player_choice":"Removed Attack","damage_taken":0,"max_hp_gain":0,"max_hp_loss":0,"event_name":"Falling","floor":36,"gold_loss":0},{"damage_healed":0,"gold_gain":0,"player_choice":"Fight","damage_taken":0,"max_hp_gain":0,"max_hp_loss":0,"event_name":"MindBloom","floor":37,"gold_loss":0},{"damage_healed":0,"gold_gain":0,"player_choice":"Memory 3","damage_taken":10,"max_hp_gain":0,"max_hp_loss":0,"event_name":"SensoryStone","floor":39,"gold_loss":0},{"damage_healed":0,"gold_gain":222,"player_choice":"Wore Mask","damage_taken":0,"max_hp_gain":0,"max_hp_loss":0,"event_name":"Tomb of Lord Red Mask","floor":46,"gold_loss":0},{"damage_healed":20,"gold_gain":0,"player_choice":"Writhe","damage_taken":0,"max_hp_gain":0,"max_hp_loss":0,"event_name":"Winding Halls","floor":47,"gold_loss":0,"cards_obtained":["Writhe"]}],"is_beta":true,"boss_relics":[{"not_picked":["Calling Bell","Black Star"],"picked":"Runic Dome"},{"not_picked":["FrozenCore","Tiny House"],"picked":"Sozu"}],"items_purged_floors":[5,19,54],"is_endless":false,"potions_floor_spawned":[8,14,16,18,21,27,29,31,37,48],"ascension_level":20}