{"gold_per_floor":[119,119,119,119,138,138,171,183,183,215,233,244,277,290,290,365,365,378,389,406,406,107,117,117,143,193,223,223,238,271,271,271,344,344,357,368,386,403,323,351,351,380,380,393,406,432,432,445,445,445,445,445,445,38,63,63],"floor_reached":57,"playtime":5240,"items_purged":["Strike_G","Strike_G"],"score":3052,"play_id":"829285e8-5a45-46c3-b3dc-f87068668e2a","local_time":"20190322142244","is_ascension_mode":true,"campfire_choices":[{"data":"Neutralize","floor":6,"key":"SMITH"},{"data":"Deadly Poison","floor":15,"key":"SMITH"},{"data":"Wraith Form v2","floor":24,"key":"SMITH"},{"data":"Wraith Form v2","floor":28,"key":"SMITH"},{"data":"Crippling Poison","floor":32,"key":"SMITH"},{"data":"Noxious Fumes","floor":41,"key":"SMITH"},{"floor":47,"key":"RECALL"},{"data":"Burst","floor":49,"key":"SMITH"},{"data":"Corpse Explosion","floor":53,"key":"SMITH"}],"neow_cost":"NONE","seed_source_timestamp":145858152482240,"circlet_count":0,"master_deck":["AscendersBane","Defend_G","Defend_G","Defend_G","Defend_G","Defend_G","Strike_G","Survivor","Neutralize+1","Quick Slash","All Out Attack","PiercingWail","Crippling Poison+1","Deadly Poison+1","Wraith Form v2+1","PiercingWail","Wraith Form v2+1","Eviscerate+1","Corpse Explosion+1","PiercingWail","Backflip","Predator+1","Burst+1","Choke+1","Noxious Fumes+1","Backflip+1","Sucker Punch+1","Crippling Poison","Bouncing Flask+1","Night Terror","Well Laid Plans+1","Backflip","Footwork+1"],"relics":["Ring of the Snake","NeowsBlessing","Mercury Hourglass","Molten Egg 2","Sundial","Meat on the Bone","Ninja Scroll","Snecko Eye","TwistedFunnel","The Courier","Omamori","Prayer Wheel","Bottled Lightning","Gremlin Horn","Coffee Dripper","Tingsha","Paper Crane","Frozen Egg 2","Medical Kit","Art of War","Strawberry"],"potions_floor_usage":[46,56,56,56,56],"damage_taken":[{"damage":0,"enemies":"Cultist","floor":1,"turns":1},{"damage":0,"enemies":"Small Slimes","floor":5,"turns":1},{"damage":0,"enemies":"3 Sentries","floor":7,"turns":1},{"damage":0,"enemies":"2 Louse","floor":8,"turns":2},{"damage":35,"enemies":"Gremlin Nob","floor":10,"turns":5},{"damage":0,"enemies":"Large Slime","floor":11,"turns":4},{"damage":4,"enemies":"Exordium Wildlife","floor":12,"turns":5},{"damage":14,"enemies":"Lagavulin","floor":13,"turns":7},{"damage":9,"enemies":"Exordium Thugs","floor":14,"turns":4},{"damage":21,"enemies":"The Guardian","floor":16,"turns":12},{"damage":0,"enemies":"3 Byrds","floor":18,"turns":5},{"damage":2,"enemies":"Chosen","floor":19,"turns":5},{"damage":8,"enemies":"3 Cultists","floor":20,"turns":5},{"damage":0,"enemies":"Centurion and Healer","floor":23,"turns":3},{"damage":0,"enemies":"Slavers","floor":25,"turns":3},{"damage":0,"enemies":"Gremlin Leader","floor":27,"turns":5},{"damage":1,"enemies":"Snake Plant","floor":29,"turns":5},{"damage":0,"enemies":"Slavers","floor":30,"turns":4},{"damage":40,"enemies":"Collector","floor":33,"turns":11},{"damage":0,"enemies":"3 Shapes","floor":35,"turns":3},{"damage":0,"enemies":"3 Darklings","floor":36,"turns":2},{"damage":0,"enemies":"4 Shapes","floor":37,"turns":2},{"damage":0,"enemies":"Sphere and 2 Shapes","floor":38,"turns":3},{"damage":0,"enemies":"Reptomancer","floor":40,"turns":5},{"damage":4,"enemies":"Giant Head","floor":42,"turns":7},{"damage":1,"enemies":"Maw","floor":44,"turns":5},{"damage":0,"enemies":"Jaw Worm Horde","floor":45,"turns":3},{"damage":43,"enemies":"Nemesis","floor":46,"turns":9},{"damage":0,"enemies":"4 Shapes","floor":48,"turns":5},{"damage":7,"enemies":"Time Eater","floor":50,"turns":10},{"damage":10,"enemies":"Donu and Deca","floor":51,"turns":8},{"damage":8,"enemies":"Shield and Spear","floor":55,"turns":6},{"damage":54,"enemies":"The Heart","floor":56,"turns":11}],"seed_played":"-3136837830385593678","potions_obtained":[{"floor":5,"key":"SneckoOil"},{"floor":12,"key":"SteroidPotion"},{"floor":14,"key":"GhostInAJar"},{"floor":38,"key":"PowerPotion"},{"floor":55,"key":"EntropicBrew"}],"is_trial":false,"path_per_floor":["M","T","?","?","M","R","E","M","T","E","M","M","E","M","R","B",null,"M","M","M","?","$","M","R","E","T","E","R","M","E","?","R","B",null,"M","M","M","M","$","E","R","E","T","M","M","E","R","M","R","B","B",null,"R","$","E","B",null],"character_chosen":"THE_SILENT","items_purchased":["TwistedFunnel","Medical Kit","Art of War","Poison Potion","Backflip"],"campfire_rested":0,"item_purchase_floors":[22,54,54,54,54],"current_hp_per_floor":[59,59,52,52,52,52,52,52,52,17,29,37,35,38,38,29,57,57,55,47,47,47,47,47,47,47,47,47,46,46,46,46,18,54,54,54,54,54,54,54,54,50,50,49,49,18,18,30,30,35,37,59,59,59,58,16],"gold":63,"neow_bonus":"THREE_ENEMY_KILL","is_prod":false,"is_daily":false,"chose_seed":false,"campfire_upgraded":8,"win_rate":0,"timestamp":1553289764,"path_taken":["M","?","?","?","M","R","E","M","T","E","M","M","E","M","R","BOSS","M","?","M","?","$","M","R","E","T","E","R","M","E","?","R","BOSS","M","M","M","M","$","E","R","E","T","M","M","E","R","M","R","BOSS","BOSS","R","$","E","BOSS"],"build_version":"2019-03-15","purchased_purges":2,"victory":true,"max_hp_per_floor":[66,66,66,66,66,66,66,66,66,66,66,66,66,66,66,66,66,66,66,66,66,66,66,66,66,66,66,66,66,66,66,66,66,66,66,66,66,66,66,66,66,66,66,66,66,66,66,66,66,66,66,66,66,66,73,73],"card_choices":[{"not_picked":["Prepared","Bouncing Flask"],"picked":"Quick Slash","floor":1},{"not_picked":["Bane","Flying Knee"],"picked":"PiercingWail","floor":5},{"not_picked":["Blade Dance","Choke","Backflip"],"picked":"SKIP","floor":7},{"not_picked":["Acrobatics","Finisher+1"],"picked":"Crippling Poison","floor":8},{"not_picked":["Outmaneuver","Catalyst"],"picked":"Deadly Poison","floor":10},{"not_picked":["Tactician","Flechettes+1"],"picked":"Wraith Form v2","floor":11},{"not_picked":["Caltrops","Backflip"],"picked":"PiercingWail","floor":12},{"not_picked":["Acrobatics","Terror","Caltrops"],"picked":"SKIP","floor":13},{"not_picked":["Riddle With Holes+1","Heel Hook+1","Slice+1"],"picked":"SKIP","floor":14},{"not_picked":["Glass Knife+1","Envenom"],"picked":"Wraith Form v2","floor":16},{"not_picked":["Cloak And Dagger+1","Dagger Throw+1"],"picked":"Eviscerate+1","floor":18},{"not_picked":["Setup+1","Dagger Throw+1","Slice+1"],"picked":"SKIP","floor":19},{"not_picked":["Reflex","Dagger Spray+1","Cloak And Dagger"],"picked":"SKIP","floor":20},{"not_picked":["Prepared","Accuracy","Deflect"],"picked":"SKIP","floor":23},{"not_picked":["Flying Knee+1","Poisoned Stab+1","Quick Slash+1"],"picked":"SKIP","floor":25},{"not_picked":["Dagger Spray+1","Prepared+1"],"picked":"PiercingWail","floor":27},{"not_picked":["Venomology","Dodge and Roll"],"picked":"Backflip","floor":29},{"not_picked":["Deflect","Dagger Throw+1","Deadly Poison"],"picked":"SKIP","floor":29},{"not_picked":["Deadly Poison","Calculated Gamble"],"picked":"Predator+1","floor":30},{"not_picked":["Doppelganger","Venomology"],"picked":"Burst","floor":33},{"not_picked":["Heel Hook+1","Calculated Gamble"],"picked":"Choke+1","floor":35},{"not_picked":["Dagger Spray+1","Riddle With Holes+1","Infinite Blades+1"],"picked":"SKIP","floor":35},{"not_picked":["Flying Knee+1","Masterful Stab+1","Deadly Poison"],"picked":"SKIP","floor":36},{"not_picked":["Deflect","Quick Slash+1","Prepared"],"picked":"SKIP","floor":36},{"not_picked":["Distraction","Heel Hook+1"],"picked":"Noxious Fumes","floor":37},{"not_picked":["Blade Dance","Prepared","Expertise"],"picked":"SKIP","floor":37},{"not_picked":["Noxious Fumes+1","Skewer+1"],"picked":"Backflip+1","floor":38},{"not_picked":["Terror+1","Concentrate","Deflect"],"picked":"SKIP","floor":38},{"not_picked":["Quick Slash+1","Outmaneuver","Flying Knee+1"],"picked":"SKIP","floor":40},{"not_picked":["Glass Knife+1","Deflect"],"picked":"Sucker Punch+1","floor":42},{"not_picked":["PiercingWail+1","Outmaneuver+1"],"picked":"Crippling Poison","floor":44},{"not_picked":["Bane+1","Blade Dance+1","Dagger Spray+1"],"picked":"SKIP","floor":44},{"not_picked":["Heel Hook+1","Prepared+1"],"picked":"Bouncing Flask+1","floor":45},{"not_picked":["Quick Slash+1","Dodge and Roll","Concentrate"],"picked":"SKIP","floor":45},{"not_picked":["Bouncing Flask","Endless Agony+1","Bane+1"],"picked":"SKIP","floor":46},{"not_picked":["Deadly Poison","Dagger Throw+1"],"picked":"Night Terror","floor":48},{"not_picked":["Prepared+1","Expertise"],"picked":"Well Laid Plans+1","floor":48},{"not_picked":["Deflect","Cloak And Dagger+1"],"picked":"Footwork+1","floor":55}],"player_experience":5289720,"relics_obtained":[{"floor":2,"key":"Mercury Hourglass"},{"floor":7,"key":"Molten Egg 2"},{"floor":9,"key":"Sundial"},{"floor":10,"key":"Meat on the Bone"},{"floor":13,"key":"Ninja Scroll"},{"floor":25,"key":"The Courier"},{"floor":26,"key":"Omamori"},{"floor":27,"key":"Prayer Wheel"},{"floor":30,"key":"Bottled Lightning"},{"floor":40,"key":"Tingsha"},{"floor":42,"key":"Paper Crane"},{"floor":46,"key":"Frozen Egg 2"},{"floor":55,"key":"Strawberry"}],"event_choices":[{"cards_removed":["Strike_G"],"damage_healed":0,"gold_gain":0,"player_choice":"Card Removal","damage_taken":7,"max_hp_gain":0,"max_hp_loss":0,"event_name":"Golden Wing","floor":3,"gold_loss":0},{"damage_healed":0,"gold_gain":0,"cards_transformed":["Strike_G"],"player_choice":"Transformed","damage_taken":0,"max_hp_gain":0,"max_hp_loss":0,"event_name":"Transmorgrifier","floor":4,"gold_loss":0,"cards_obtained":["All Out Attack"]},{"damage_healed":0,"gold_gain":0,"player_choice":"Read","damage_taken":0,"max_hp_gain":0,"max_hp_loss":0,"event_name":"The Library","floor":21,"gold_loss":0,"cards_obtained":["Corpse Explosion"]},{"damage_healed":0,"gold_gain":0,"player_choice":"Opened","damage_taken":0,"relics_obtained":["Gremlin Horn"],"max_hp_gain":0,"max_hp_loss":0,"event_name":"The Mausoleum","floor":31,"gold_loss":0,"cards_obtained":["Writhe"]}],"is_beta":true,"boss_relics":[{"not_picked":["Ectoplasm","Empty Cage"],"picked":"Snecko Eye"},{"not_picked":["Calling Bell","Orrery"],"picked":"Coffee Dripper"}],"items_purged_floors":[22,39],"is_endless":false,"potions_floor_spawned":[5,12,14,16,19,20,27,36,37,38,44,45,55],"ascension_level":20}