{"gold_per_floor":[112,112,128,28,47,47,81,81,81,81,109,8,19,53,53,124,124,140,2,0,0,18,52,52,77,77,110,30,45,57,77,77,148,148,162,162,162,162,180,180,248,261,343,372,372,392,417,464,464,464,464,464,464,15,47,47],"floor_reached":57,"playtime":5298,"items_purged":["Strike_B","Strike_B"],"score":2922,"play_id":"4b741704-853b-4e42-96dd-92fa9a8649a0","local_time":"20190406155933","is_ascension_mode":true,"campfire_choices":[{"data":"Zap","floor":6,"key":"SMITH"},{"floor":8,"key":"DIG"},{"data":"Barrage","floor":15,"key":"SMITH"},{"floor":24,"key":"DIG"},{"data":"Capacitor","floor":32,"key":"SMITH"},{"floor":40,"key":"RECALL"},{"floor":49,"key":"DIG"},{"floor":53,"key":"DIG"}],"neow_cost":"NONE","seed_source_timestamp":157045627664134,"circlet_count":0,"master_deck":["AscendersBane","Strike_B+1","Defend_B","Defend_B","Defend_B","Defend_B","Zap+1","Dualcast","Self Repair","Cold Snap+1","Hologram","BootSequence","Lockon","Capacitor+1","Barrage+1","Echo Form","Glacier","Hologram+1","Hologram+1","Loop","Genetic Algorithm","Loop","Electrodynamics","Panacea","Go for the Eyes+1","Coolheaded+1","Echo Form","All For One+1","Sunder+1","Loop","Loop","Capacitor","Capacitor","Defragment","Static Discharge","Barrage+1","Barrage+1","Defragment+1"],"relics":["Cracked Core","Bag of Preparation","Shovel","The Courier","Pear","Kunai","Pantograph","Whetstone","Snecko Eye","Bronze Scales","Orichalcum","Strawberry","Incense Burner","Mummified Hand","Coffee Dripper","Toxic Egg 2","Molten Egg 2","Nunchaku","Gambling Chip","StoneCalendar","Gremlin Horn","Cables","Ginger"],"potions_floor_usage":[11,16,18,27,56,56],"damage_taken":[{"damage":0,"enemies":"Cultist","floor":1,"turns":3},{"damage":9,"enemies":"Jaw Worm","floor":3,"turns":5},{"damage":2,"enemies":"2 Louse","floor":5,"turns":5},{"damage":22,"enemies":"3 Sentries","floor":7,"turns":12},{"damage":25,"enemies":"Gremlin Nob","floor":11,"turns":4},{"damage":10,"enemies":"Exordium Thugs","floor":13,"turns":4},{"damage":17,"enemies":"Lagavulin","floor":14,"turns":7},{"damage":46,"enemies":"Hexaghost","floor":16,"turns":10},{"damage":21,"enemies":"Chosen","floor":18,"turns":4},{"damage":17,"enemies":"Spheric Guardian","floor":22,"turns":6},{"damage":2,"enemies":"Book of Stabbing","floor":23,"turns":5},{"damage":21,"enemies":"Slavers","floor":25,"turns":9},{"damage":0,"enemies":"Gremlin Leader","floor":27,"turns":7},{"damage":12,"enemies":"Shelled Parasite and Fungi","floor":29,"turns":7},{"damage":0,"enemies":"Centurion and Healer","floor":30,"turns":5},{"damage":3,"enemies":"3 Cultists","floor":31,"turns":6},{"damage":57,"enemies":"Automaton","floor":33,"turns":12},{"damage":28,"enemies":"3 Darklings","floor":35,"turns":3},{"damage":0,"enemies":"3 Shapes","floor":39,"turns":6},{"damage":2,"enemies":"Spire Growth","floor":42,"turns":6},{"damage":0,"enemies":"Nemesis","floor":44,"turns":11},{"damage":0,"enemies":"Maw","floor":46,"turns":6},{"damage":0,"enemies":"Giant Head","floor":47,"turns":6},{"damage":0,"enemies":"2 Orb Walkers","floor":48,"turns":4},{"damage":27,"enemies":"Awakened One","floor":50,"turns":15},{"damage":28,"enemies":"Donu and Deca","floor":51,"turns":6},{"damage":0,"enemies":"Shield and Spear","floor":55,"turns":6},{"damage":27,"enemies":"The Heart","floor":56,"turns":8}],"seed_played":"-4481808913134027479","potions_obtained":[{"floor":1,"key":"Poison Potion"},{"floor":13,"key":"SteroidPotion"},{"floor":14,"key":"EssenceOfSteel"},{"floor":16,"key":"Block Potion"},{"floor":25,"key":"Fire Potion"},{"floor":29,"key":"FearPotion"},{"floor":31,"key":"Weak Potion"},{"floor":42,"key":"GamblersBrew"}],"is_trial":false,"path_per_floor":["M","?","M","$","M","R","E","R","T","T","E","$","M","E","R","B",null,"M","$","?","?","M","E","R","E","T","E","$","M","M","M","R","B",null,"M","$","?","?","M","R","T","M","T","E","?","M","E","?","R","B","B",null,"R","$","E","B",null],"character_chosen":"DEFECT","items_purchased":["Hologram","Lockon","Capacitor","Bronze Scales","Loop","Loop","Capacitor","Capacitor","Defragment","Static Discharge","Barrage+1","Barrage+1"],"campfire_rested":0,"item_purchase_floors":[4,12,12,19,54,54,54,54,54,54,54,54],"current_hp_per_floor":[64,64,62,62,67,67,52,52,62,62,44,44,41,31,31,17,65,58,58,58,58,55,60,67,60,60,60,60,55,62,73,73,45,77,56,56,56,46,53,53,53,58,58,72,72,79,84,84,84,71,70,81,81,81,84,57],"gold":47,"neow_bonus":"RANDOM_COMMON_RELIC","is_prod":false,"is_daily":false,"chose_seed":false,"campfire_upgraded":3,"win_rate":0,"timestamp":1554591573,"path_taken":["M","?","?","?","M","R","E","R","T","?","E","$","M","E","R","BOSS","M","$","?","?","?","E","R","E","T","E","$","M","M","M","R","BOSS","M","$","?","?","?","R","?","M","T","E","?","?","E","?","R","BOSS","BOSS","R","$","E","BOSS"],"build_version":"2019-04-04","purchased_purges":2,"victory":true,"max_hp_per_floor":[71,71,71,71,71,71,71,71,81,81,81,81,81,81,81,81,81,81,81,81,81,81,81,88,88,88,88,88,88,88,88,88,88,88,88,88,84,84,84,84,84,84,84,84,84,84,84,84,84,84,84,84,84,84,84,84],"card_choices":[{"not_picked":["Force Field","Steam"],"picked":"Self Repair","floor":1},{"not_picked":["Redo","Hologram"],"picked":"Cold Snap","floor":3},{"not_picked":["Lockon","Blizzard"],"picked":"BootSequence","floor":5},{"not_picked":["Blizzard","Chaos","Redo"],"picked":"SKIP","floor":7},{"not_picked":["Steam","Skim","Reinforced Body"],"picked":"SKIP","floor":11},{"not_picked":["Undo","Hello World"],"picked":"Barrage","floor":13},{"not_picked":["Gash","Go for the Eyes","Redo"],"picked":"SKIP","floor":14},{"not_picked":["Rainbow","Thunder Strike"],"picked":"Echo Form","floor":16},{"not_picked":["Sweeping Beam","Turbo","Barrage"],"picked":"SKIP","floor":18},{"not_picked":["Conserve Battery","Fusion"],"picked":"Hologram+1","floor":22},{"not_picked":["Go for the Eyes","Leap","Steam Power"],"picked":"SKIP","floor":23},{"not_picked":["Redo","Ball Lightning"],"picked":"Hologram+1","floor":25},{"not_picked":["Turbo","Rebound"],"picked":"Loop","floor":27},{"not_picked":["Ball Lightning","Sweeping Beam","BootSequence"],"picked":"SKIP","floor":29},{"not_picked":["Barrage","Sweeping Beam"],"picked":"Genetic Algorithm","floor":30},{"not_picked":["Conserve Battery","Rebound"],"picked":"Loop","floor":31},{"not_picked":["Biased Cognition","Seek"],"picked":"Electrodynamics","floor":33},{"not_picked":["Turbo","Chaos","Barrage"],"picked":"SKIP","floor":35},{"not_picked":["Trip","Impatience"],"picked":"Panacea","floor":38},{"not_picked":["Steam","Go for the Eyes","Aggregate+1"],"picked":"SKIP","floor":39},{"not_picked":["Rebound+1","Sweeping Beam+1"],"picked":"Go for the Eyes+1","floor":42},{"not_picked":["Fusion+1","Ball Lightning+1"],"picked":"Coolheaded+1","floor":44},{"not_picked":["Hologram+1","Streamline+1"],"picked":"All For One+1","floor":46},{"not_picked":["Steam+1","Cold Snap+1","Chaos+1"],"picked":"SKIP","floor":47},{"not_picked":["Go for the Eyes+1","Ball Lightning+1"],"picked":"Sunder+1","floor":48},{"not_picked":["Melter+1","Go for the Eyes+1"],"picked":"Defragment+1","floor":55}],"player_experience":5468432,"relics_obtained":[{"floor":7,"key":"Shovel"},{"floor":8,"key":"The Courier"},{"floor":9,"key":"Pear"},{"floor":10,"key":"Kunai"},{"floor":11,"key":"Pantograph"},{"floor":14,"key":"Whetstone"},{"floor":23,"key":"Orichalcum"},{"floor":24,"key":"Strawberry"},{"floor":25,"key":"Incense Burner"},{"floor":27,"key":"Mummified Hand"},{"floor":41,"key":"Toxic Egg 2"},{"floor":43,"key":"Molten Egg 2"},{"floor":44,"key":"Nunchaku"},{"floor":47,"key":"Gambling Chip"},{"floor":48,"key":"StoneCalendar"},{"floor":49,"key":"Gremlin Horn"},{"floor":53,"key":"Cables"},{"floor":55,"key":"Ginger"}],"event_choices":[{"damage_healed":0,"gold_gain":0,"player_choice":"0 cards matched","damage_taken":0,"max_hp_gain":0,"max_hp_loss":0,"event_name":"Match and Keep!","floor":2,"gold_loss":0,"cards_obtained":[]},{"damage_healed":0,"gold_gain":0,"player_choice":"Paid Fearfully","damage_taken":0,"max_hp_gain":0,"max_hp_loss":0,"event_name":"Masked Bandits","floor":20,"gold_loss":2},{"damage_healed":0,"gold_gain":0,"cards_transformed":["Strike_B"],"player_choice":"Transformed","damage_taken":0,"max_hp_gain":0,"max_hp_loss":0,"event_name":"Transmorgrifier","floor":21,"gold_loss":0,"cards_obtained":["Glacier"]},{"damage_healed":0,"gold_gain":0,"player_choice":"Max HP","damage_taken":0,"max_hp_gain":0,"max_hp_loss":4,"event_name":"Winding Halls","floor":37,"gold_loss":0},{"damage_healed":0,"gold_gain":0,"player_choice":"Memory 3","damage_taken":10,"max_hp_gain":0,"max_hp_loss":0,"event_name":"SensoryStone","floor":38,"gold_loss":0},{"damage_healed":0,"gold_gain":0,"player_choice":"Copied","damage_taken":0,"max_hp_gain":0,"max_hp_loss":0,"event_name":"Duplicator","floor":45,"gold_loss":0,"cards_obtained":["Echo Form"]},{"damage_healed":0,"gold_gain":0,"player_choice":"Fight","damage_taken":0,"max_hp_gain":0,"max_hp_loss":0,"event_name":"Mysterious Sphere","floor":48,"gold_loss":0}],"is_beta":true,"boss_relics":[{"not_picked":["Tiny House","Cursed Key"],"picked":"Snecko Eye"},{"not_picked":["White Beast Statue","Sozu"],"picked":"Coffee Dripper"}],"items_purged_floors":[4,28],"is_endless":false,"potions_floor_spawned":[1,13,14,16,25,29,31,39,42,55],"ascension_level":20}