{"gold_per_floor":[113,126,126,126,136,136,136,136,136,152,192,213,244,263,263,353,353,378,378,428,343,366,366,380,398,398,398,172,203,219,41,41,139,139,155,169,219,240,254,288,16,16],"floor_reached":42,"playtime":3769,"items_purged":["Writhe"],"score":995,"play_id":"3a45c4f7-3344-4b5d-beaa-7051cc11fc21","local_time":"20190407135013","is_ascension_mode":true,"campfire_choices":[{"data":"Bash","floor":6,"key":"SMITH"},{"data":"Twin Strike","floor":8,"key":"SMITH"},{"floor":15,"key":"REST"},{"floor":23,"key":"REST"},{"floor":32,"key":"REST"}],"neow_cost":"NONE","seed_source_timestamp":237244983403642,"circlet_count":0,"master_deck":["AscendersBane","Strike_R","Strike_R","Strike_R","Defend_R","Defend_R","Defend_R","Defend_R","Bash+1","Shrug It Off","Spot Weakness","Twin Strike+1","Dark Embrace","Iron Wave","Thunderclap","Feed","Disarm+1","Fiend Fire","Havoc+1","True Grit+1","Feel No Pain","Armaments+1","Anger","Burning Pact+1","Sentinel+1","Power Through+1","Shrug It Off+1","Blind+1","Body Slam","Disarm+1","Limit Break+1","Flame Barrier+1","Flame Barrier+1","Entrench+1","Inflame","Corruption+1"],"relics":["Burning Blood","Golden Idol","Vajra","Peace Pipe","Toxic Egg 2","Orrery","Matryoshka","Bag of Preparation","Pear","Singing Bowl","Girya","Sozu","Orichalcum","Self Forming Clay"],"potions_floor_usage":[13,16,16,19,29,29,42],"damage_taken":[{"damage":3,"enemies":"2 Louse","floor":1,"turns":4},{"damage":9,"enemies":"Jaw Worm","floor":2,"turns":6},{"damage":4,"enemies":"Cultist","floor":5,"turns":5},{"damage":2,"enemies":"2 Fungi Beasts","floor":10,"turns":4},{"damage":28,"enemies":"Gremlin Nob","floor":11,"turns":4},{"damage":3,"enemies":"Blue Slaver","floor":12,"turns":4},{"damage":15,"enemies":"Lagavulin","floor":13,"turns":5},{"damage":27,"enemies":"Large Slime","floor":14,"turns":7},{"damage":43,"enemies":"Slime Boss","floor":16,"turns":8},{"damage":28,"enemies":"2 Thieves","floor":18,"turns":4},{"damage":14,"enemies":"Colosseum Slavers","floor":19,"turns":7},{"damage":7,"enemies":"Spheric Guardian","floor":22,"turns":5},{"damage":23,"enemies":"3 Cultists","floor":24,"turns":5},{"damage":15,"enemies":"Centurion and Healer","floor":25,"turns":7},{"damage":32,"enemies":"Slavers","floor":29,"turns":10},{"damage":8,"enemies":"Snake Plant","floor":30,"turns":6},{"damage":13,"enemies":"Champ","floor":33,"turns":15},{"damage":4,"enemies":"3 Shapes","floor":35,"turns":9},{"damage":1,"enemies":"Orb Walker","floor":36,"turns":4},{"damage":17,"enemies":"Writhing Mass","floor":38,"turns":14},{"damage":56,"enemies":"Maw","floor":39,"turns":11},{"damage":37,"enemies":"Nemesis","floor":40,"turns":13},{"damage":28,"enemies":"Spire Growth","floor":42,"turns":4}],"seed_played":"-4883025066429886089","potions_obtained":[{"floor":5,"key":"Energy Potion"},{"floor":12,"key":"PowerPotion"},{"floor":14,"key":"Block Potion"},{"floor":18,"key":"Fire Potion"},{"floor":24,"key":"Fire Potion"},{"floor":25,"key":"Dexterity Potion"},{"floor":33,"key":"Ancient Potion"}],"is_trial":false,"path_per_floor":["M","M","?","?","M","R","?","R","T","M","E","M","E","M","R","B",null,"M","?","?","?","M","R","M","M","T","?","$","E","M","$","R","B",null,"M","M","?","M","M","E","$","M"],"character_chosen":"IRONCLAD","items_purchased":["Fire Potion","Blind+1","Limit Break+1","Self Forming Clay"],"campfire_rested":3,"item_purchase_floors":[28,28,31,41],"current_hp_per_floor":[78,75,68,68,70,70,70,70,70,74,52,55,46,28,51,14,61,39,35,35,35,34,58,44,38,48,48,48,22,24,24,54,49,90,96,104,104,97,47,16,16,0],"gold":16,"neow_bonus":"TEN_PERCENT_HP_BONUS","is_prod":false,"is_daily":false,"chose_seed":false,"campfire_upgraded":2,"win_rate":0,"timestamp":1554670213,"path_taken":["M","M","?","?","?","R","?","R","T","M","E","M","E","M","R","BOSS","M","?","?","?","M","R","M","M","T","?","?","E","M","$","R","BOSS","M","M","?","M","?","E","$","M"],"build_version":"2019-04-04","purchased_purges":1,"victory":false,"max_hp_per_floor":[82,82,82,82,82,82,74,74,74,74,74,74,74,77,77,77,77,77,81,81,81,81,81,84,87,97,97,97,97,101,101,101,103,103,107,110,110,114,114,114,114,114],"card_choices":[{"not_picked":["Dual Wield","Armaments"],"picked":"Shrug It Off","floor":1},{"not_picked":["Clash","Armaments"],"picked":"Spot Weakness","floor":2},{"not_picked":["Shrug It Off","Fire Breathing"],"picked":"Twin Strike","floor":5},{"not_picked":["Clash","Body Slam"],"picked":"Dark Embrace","floor":10},{"not_picked":["Seeing Red","Blood for Blood"],"picked":"Iron Wave","floor":11},{"not_picked":["Havoc","Armaments"],"picked":"Thunderclap","floor":12},{"not_picked":["Headbutt","Flex"],"picked":"Feed","floor":13},{"not_picked":["Headbutt","Anger"],"picked":"Disarm+1","floor":14},{"not_picked":["Berserk","Barricade"],"picked":"Fiend Fire","floor":16},{"not_picked":["Combust","Clothesline"],"picked":"Havoc+1","floor":17},{"not_picked":["Blood for Blood","Headbutt"],"picked":"True Grit+1","floor":17},{"not_picked":["Pummel","Dropkick"],"picked":"Feel No Pain","floor":17},{"not_picked":["Carnage","Clash"],"picked":"Armaments+1","floor":17},{"not_picked":["Shrug It Off+1","Spot Weakness+1"],"picked":"Anger","floor":17},{"not_picked":["Armaments+1","Clash"],"picked":"Burning Pact+1","floor":18},{"not_picked":["Evolve","Sword Boomerang"],"picked":"Sentinel+1","floor":22},{"not_picked":["Wild Strike","Blood for Blood"],"picked":"Power Through+1","floor":24},{"not_picked":["True Grit+1","Cleave"],"picked":"Shrug It Off+1","floor":25},{"not_picked":["True Grit+1","Havoc+1"],"picked":"Body Slam","floor":29},{"not_picked":["Clash","Clothesline+1"],"picked":"Disarm+1","floor":30},{"not_picked":["Barricade","Berserk","Feed"],"picked":"Singing Bowl","floor":33},{"not_picked":["Clothesline","Cleave"],"picked":"Flame Barrier+1","floor":35},{"not_picked":["Whirlwind","Perfected Strike"],"picked":"Flame Barrier+1","floor":36},{"not_picked":["Thunderclap","Reckless Charge"],"picked":"Entrench+1","floor":38},{"not_picked":["Anger","Wild Strike"],"picked":"Inflame","floor":39},{"not_picked":["Dropkick","Carnage"],"picked":"Corruption+1","floor":40}],"player_experience":5473730,"relics_obtained":[{"floor":9,"key":"Vajra"},{"floor":11,"key":"Peace Pipe"},{"floor":13,"key":"Toxic Egg 2"},{"floor":26,"key":"Bag of Preparation"},{"floor":26,"key":"Pear"},{"floor":29,"key":"Girya"},{"floor":40,"key":"Orichalcum"}],"event_choices":[{"cards_removed":["Strike_R"],"damage_healed":0,"gold_gain":0,"player_choice":"Card Removal","damage_taken":7,"max_hp_gain":0,"max_hp_loss":0,"event_name":"Golden Wing","floor":3,"gold_loss":0},{"cards_removed":["Strike_R"],"damage_healed":0,"gold_gain":0,"player_choice":"Purged","damage_taken":0,"max_hp_gain":0,"max_hp_loss":0,"event_name":"Purifier","floor":4,"gold_loss":0},{"damage_healed":0,"gold_gain":0,"player_choice":"Lose Max HP","damage_taken":0,"relics_obtained":["Golden Idol"],"max_hp_gain":0,"max_hp_loss":8,"event_name":"Golden Idol","floor":7,"gold_loss":0},{"damage_healed":0,"gold_gain":0,"player_choice":"Fight","damage_taken":0,"max_hp_gain":0,"max_hp_loss":0,"event_name":"Colosseum","floor":19,"gold_loss":0},{"damage_healed":0,"gold_gain":0,"player_choice":"Fled From Nobs","damage_taken":0,"max_hp_gain":0,"max_hp_loss":0,"event_name":"Colosseum","floor":19,"gold_loss":0},{"damage_healed":0,"gold_gain":50,"player_choice":"Stole From Cult","damage_taken":0,"max_hp_gain":0,"max_hp_loss":0,"event_name":"Nest","floor":20,"gold_loss":0},{"damage_healed":0,"gold_gain":0,"player_choice":"Obtained Relic","damage_taken":0,"relics_obtained":["Matryoshka"],"max_hp_gain":0,"max_hp_loss":0,"event_name":"Addict","floor":21,"gold_loss":85},{"damage_healed":0,"gold_gain":0,"player_choice":"Opened","damage_taken":0,"relics_obtained":["Singing Bowl"],"max_hp_gain":0,"max_hp_loss":0,"event_name":"The Mausoleum","floor":27,"gold_loss":0,"cards_obtained":["Writhe"]},{"damage_healed":0,"gold_gain":50,"player_choice":"Pray","damage_taken":0,"max_hp_gain":0,"max_hp_loss":0,"event_name":"Golden Shrine","floor":37,"gold_loss":0}],"is_beta":true,"boss_relics":[{"not_picked":["Black Star","Empty Cage"],"picked":"Orrery"},{"not_picked":["Runic Cube","Black Blood"],"picked":"Sozu"}],"items_purged_floors":[28],"is_endless":false,"potions_floor_spawned":[5,12,14,18,24,25,33,36,38,40],"killed_by":"Spire Growth","ascension_level":20}