{"gold_per_floor":[113,113,113,126,201,201,216,245,245,261,281,305,331,8,8,85,85,104,117,117,129,144,144,158,158,158,173,173,173,34,47,47,126,126,139,150,150],"floor_reached":37,"playtime":2904,"items_purged":["Strike_R"],"score":831,"play_id":"40819fd0-47b8-4bf8-8dbf-016c648ecb47","local_time":"20190409141203","is_ascension_mode":true,"campfire_choices":[{"data":"Body Slam","floor":6,"key":"SMITH"},{"data":"Disarm","floor":15,"key":"SMITH"},{"floor":23,"key":"REST"},{"floor":29,"key":"REST"},{"floor":32,"key":"REST"}],"neow_cost":"NONE","seed_source_timestamp":88950924881476,"circlet_count":0,"master_deck":["AscendersBane","Defend_R","Defend_R","Defend_R","Bash+1","Shrug It Off","Body Slam+1","Dropkick","Headbutt","Thunderclap","Disarm+1","Combust","Feed","Berserk+1","Wild Strike+1","Carnage+1","Dropkick","Evolve","Anger+1","Battle Trance","Exhume","Metallicize","Battle Trance","Feel No Pain","Juggernaut","Immolate","Dual Wield+1"],"relics":["Burning Blood","Gremlin Horn","Blood Vial","Orichalcum","Dream Catcher","Vajra","Astrolabe","Blue Candle","Velvet Choker"],"potions_floor_usage":[22,28,33,33,37],"damage_taken":[{"damage":1,"enemies":"Small Slimes","floor":1,"turns":4},{"damage":1,"enemies":"2 Louse","floor":4,"turns":3},{"damage":0,"enemies":"Cultist","floor":7,"turns":3},{"damage":32,"enemies":"Gremlin Nob","floor":8,"turns":4},{"damage":3,"enemies":"Blue Slaver","floor":10,"turns":3},{"damage":6,"enemies":"Red Slaver","floor":11,"turns":3},{"damage":28,"enemies":"3 Sentries","floor":13,"turns":8},{"damage":10,"enemies":"Hexaghost","floor":16,"turns":8},{"damage":26,"enemies":"Shell Parasite","floor":18,"turns":5},{"damage":17,"enemies":"3 Byrds","floor":19,"turns":5},{"damage":14,"enemies":"Snecko","floor":21,"turns":4},{"damage":23,"enemies":"Snake Plant","floor":22,"turns":7},{"damage":13,"enemies":"Centurion and Healer","floor":24,"turns":9},{"damage":31,"enemies":"Cultist and Chosen","floor":27,"turns":6},{"damage":0,"enemies":"Slavers","floor":28,"turns":1},{"damage":13,"enemies":"Snake Plant","floor":31,"turns":6},{"damage":87,"enemies":"Champ","floor":33,"turns":10},{"damage":58,"enemies":"3 Darklings","floor":35,"turns":5},{"damage":6,"enemies":"Orb Walker","floor":36,"turns":3},{"damage":35,"enemies":"Maw","floor":37,"turns":6}],"seed_played":"-4186300071647542025","potions_obtained":[{"floor":4,"key":"Energy Potion"},{"floor":7,"key":"SpeedPotion"},{"floor":10,"key":"PowerPotion"},{"floor":16,"key":"Poison Potion"},{"floor":19,"key":"PowerPotion"},{"floor":21,"key":"Ancient Potion"},{"floor":27,"key":"SmokeBomb"},{"floor":33,"key":"Weak Potion"}],"is_trial":false,"path_per_floor":["M","?","?","M","?","R","M","E","T","M","M","T","E","$","R","B",null,"M","M","?","M","M","R","M","?","T","M","E","R","$","M","R","B",null,"M","M","M"],"character_chosen":"IRONCLAD","items_purchased":["Vajra","Combust","Feel No Pain","Poison Potion"],"campfire_rested":3,"item_purchase_floors":[14,14,30,30],"current_hp_per_floor":[73,73,66,71,60,60,66,40,40,45,47,47,27,27,27,25,63,48,42,42,36,24,49,47,47,47,27,35,62,62,60,87,11,75,28,30,0],"gold":150,"neow_bonus":"REMOVE_CARD","is_prod":false,"is_daily":false,"chose_seed":false,"campfire_upgraded":2,"win_rate":0,"timestamp":1554844323,"path_taken":["M","?","?","M","?","R","M","E","T","M","M","?","E","$","R","BOSS","M","M","?","M","?","R","M","?","T","?","E","R","$","M","R","BOSS","M","M","?"],"build_version":"2019-04-04","purchased_purges":1,"victory":false,"max_hp_per_floor":[75,75,75,75,75,75,75,75,75,75,75,75,75,75,75,75,75,78,81,81,81,84,84,87,87,87,90,90,90,90,93,93,96,96,99,99,99],"card_choices":[{"not_picked":["Sword Boomerang","Seeing Red"],"picked":"Shrug It Off","floor":1},{"not_picked":["Burning Pact","Metallicize"],"picked":"Body Slam","floor":4},{"not_picked":["True Grit","Burning Pact"],"picked":"Dropkick","floor":7},{"not_picked":["Entrench","Pummel"],"picked":"Headbutt","floor":8},{"not_picked":["Rage","Searing Blow"],"picked":"Thunderclap","floor":10},{"not_picked":["Sword Boomerang","Pommel Strike"],"picked":"Dropkick","floor":11},{"not_picked":["Rage","Fire Breathing"],"picked":"Disarm","floor":13},{"not_picked":["Double Tap","Brutality"],"picked":"Feed","floor":16},{"not_picked":["Wild Strike","Second Wind"],"picked":"Dropkick","floor":18},{"not_picked":["Cleave","Iron Wave","Wild Strike"],"picked":"SKIP","floor":19},{"not_picked":["Warcry","Heavy Blade","Wild Strike"],"picked":"SKIP","floor":21},{"not_picked":["Cleave","Armaments"],"picked":"Evolve","floor":22},{"not_picked":["Thunderclap","Entrench"],"picked":"Anger+1","floor":23},{"not_picked":["Rampage","Headbutt"],"picked":"Battle Trance","floor":24},{"not_picked":["Bloodletting","Dropkick"],"picked":"Metallicize","floor":27},{"not_picked":["Infernal Blade","Flex"],"picked":"Battle Trance","floor":29},{"not_picked":["Flex","Headbutt"],"picked":"Juggernaut","floor":31},{"not_picked":["Demon Form","Exhume"],"picked":"Immolate","floor":33},{"not_picked":["Armaments","Bloodletting"],"picked":"Dual Wield+1","floor":35},{"not_picked":["Fire Breathing","Anger","Body Slam+1"],"picked":"SKIP","floor":36}],"player_experience":5500431,"relics_obtained":[{"floor":8,"key":"Gremlin Horn"},{"floor":9,"key":"Blood Vial"},{"floor":12,"key":"Orichalcum"},{"floor":13,"key":"Dream Catcher"},{"floor":26,"key":"Blue Candle"}],"event_choices":[{"damage_healed":0,"gold_gain":0,"player_choice":"Grow","damage_taken":0,"max_hp_gain":0,"max_hp_loss":0,"event_name":"Living Wall","floor":2,"gold_loss":0,"cards_upgraded":["Bash"]},{"cards_removed":["Strike_R"],"damage_healed":0,"gold_gain":0,"player_choice":"Card Removal","damage_taken":7,"max_hp_gain":0,"max_hp_loss":0,"event_name":"Golden Wing","floor":3,"gold_loss":0},{"damage_healed":0,"gold_gain":75,"player_choice":"Gather Gold","damage_taken":11,"max_hp_gain":0,"max_hp_loss":0,"event_name":"World of Goop","floor":5,"gold_loss":0},{"cards_removed":["Defend_R"],"damage_healed":0,"gold_gain":0,"player_choice":"Card Removal","damage_taken":0,"max_hp_gain":0,"max_hp_loss":0,"event_name":"Wheel of Change","floor":20,"gold_loss":0},{"damage_healed":0,"gold_gain":0,"player_choice":"1 cards matched","damage_taken":0,"max_hp_gain":0,"max_hp_loss":0,"event_name":"Match and Keep!","floor":25,"gold_loss":0,"cards_obtained":["Exhume"]}],"is_beta":true,"boss_relics":[{"not_picked":["White Beast Statue","Runic Dome"],"picked":"Astrolabe"},{"not_picked":["Eternal Feather","Empty Cage"],"picked":"Velvet Choker"}],"items_purged_floors":[14],"is_endless":false,"potions_floor_spawned":[4,7,10,11,16,19,21,27,28,33],"killed_by":"Maw","ascension_level":20}