{"gold_per_floor":[114,114,127,12,32,32,71,71,142,67,88,88,112,128,128,221,221,241,156,197,147,31,31,52,87,133,133,49,49,89,89,89,89],"floor_reached":33,"playtime":1544,"items_purged":["Strike_B"],"score":612,"play_id":"258ae696-7552-4ea6-b33d-146c2f796c08","local_time":"20190404153801","is_ascension_mode":true,"campfire_choices":[{"data":"Darkness","floor":6,"key":"SMITH"},{"data":"Zap","floor":12,"key":"SMITH"},{"data":"Electrodynamics","floor":15,"key":"SMITH"},{"floor":23,"key":"REST"},{"data":"Defragment","floor":27,"key":"SMITH"},{"data":"Recycle","floor":29,"key":"SMITH"},{"data":"Coolheaded","floor":32,"key":"SMITH"}],"neow_cost":"NONE","seed_source_timestamp":56280679407571,"circlet_count":0,"master_deck":["AscendersBane","Defend_B","Defend_B","Defend_B","Defend_B","Zap+1","Dualcast","Doom and Gloom","Self Repair","Darkness+1","Cold Snap","Sweeping Beam","Static Discharge","Electrodynamics+1","Fission","Rainbow+1","Lockon+1","Aggregate+1","Auto Shields+1","Coolheaded","Defragment+1","Coolheaded+1","Recycle+1","Sweeping Beam"],"relics":["Cracked Core","Lantern","Golden Idol","Calipers","Gremlin Horn","Astrolabe","Girya","Red Mask","Boot","Juzu Bracelet","Orichalcum"],"potions_floor_usage":[7,18,25,25,30,33],"damage_taken":[{"damage":2,"enemies":"Cultist","floor":1,"turns":4},{"damage":2,"enemies":"Jaw Worm","floor":3,"turns":3},{"damage":10,"enemies":"2 Louse","floor":5,"turns":2},{"damage":40,"enemies":"3 Sentries","floor":7,"turns":6},{"damage":0,"enemies":"2 Fungi Beasts","floor":11,"turns":2},{"damage":12,"enemies":"Exordium Thugs","floor":13,"turns":3},{"damage":0,"enemies":"Exordium Wildlife","floor":14,"turns":3},{"damage":26,"enemies":"The Guardian","floor":16,"turns":11},{"damage":20,"enemies":"Shell Parasite","floor":18,"turns":5},{"damage":33,"enemies":"Masked Bandits","floor":20,"turns":3},{"damage":6,"enemies":"Spheric Guardian","floor":24,"turns":4},{"damage":0,"enemies":"Gremlin Leader","floor":25,"turns":5},{"damage":8,"enemies":"Slavers","floor":30,"turns":3},{"damage":40,"enemies":"Automaton","floor":33,"turns":6}],"seed_played":"6243796918548427956","potions_obtained":[{"floor":1,"key":"Strength Potion"},{"floor":5,"key":"Regen Potion"},{"floor":11,"key":"Weak Potion"},{"floor":20,"key":"Explosive Potion"},{"floor":25,"key":"PowerPotion"}],"is_trial":false,"path_per_floor":["M","?","M","$","M","R","E","T","T","$","M","R","M","M","R","B",null,"M","?","?","?","$","R","M","E","T","R","$","R","E","?","R","B"],"character_chosen":"DEFECT","items_purchased":["Doom and Gloom","Self Repair","Defragment","Coolheaded","Strength Potion","Sweeping Beam"],"campfire_rested":1,"item_purchase_floors":[4,4,22,22,28,28],"current_hp_per_floor":[62,62,60,60,57,57,38,38,38,38,38,38,33,40,40,21,53,40,40,14,14,14,33,34,41,41,41,41,41,33,33,33,0],"gold":89,"neow_bonus":"RANDOM_COMMON_RELIC","is_prod":false,"is_daily":false,"chose_seed":false,"campfire_upgraded":6,"win_rate":0,"timestamp":1554417481,"path_taken":["M","?","M","$","M","R","E","?","T","?","?","R","?","M","R","BOSS","M","?","?","?","$","R","M","E","T","R","$","R","E","?","R","BOSS"],"build_version":"2019-03-15","purchased_purges":1,"victory":false,"max_hp_per_floor":[71,64,64,64,64,64,64,64,64,64,64,64,64,64,64,64,64,64,64,64,64,64,64,64,64,64,64,64,64,64,64,64,64],"card_choices":[{"not_picked":["Chaos","Scrape","Beam Cell"],"picked":"SKIP","floor":1},{"not_picked":["Beam Cell","Tempest","Turbo"],"picked":"SKIP","floor":3},{"not_picked":["Consume","Stack"],"picked":"Darkness","floor":5},{"not_picked":["Gash","Turbo"],"picked":"Cold Snap","floor":7},{"not_picked":["Go for the Eyes","Tempest"],"picked":"Sweeping Beam","floor":11},{"not_picked":["Tempest","Gash"],"picked":"Static Discharge","floor":13},{"not_picked":["Steam","Go for the Eyes"],"picked":"Electrodynamics","floor":14},{"not_picked":["Amplify","Core Surge"],"picked":"Fission","floor":16},{"not_picked":["Recycle","Gash"],"picked":"Auto Shields+1","floor":18},{"not_picked":["Compile Driver","Redo"],"picked":"Coolheaded","floor":20},{"not_picked":["Tempest","Hologram"],"picked":"Recycle","floor":24},{"not_picked":["Storm","Leap","Auto Shields"],"picked":"SKIP","floor":25},{"not_picked":["Blizzard","Fusion","Stack+1"],"picked":"SKIP","floor":30}],"player_experience":5439064,"relics_obtained":[{"floor":7,"key":"Calipers"},{"floor":8,"key":"Gremlin Horn"},{"floor":20,"key":"Red Mask"},{"floor":25,"key":"Boot"},{"floor":26,"key":"Juzu Bracelet"},{"floor":30,"key":"Orichalcum"}],"event_choices":[{"damage_healed":0,"gold_gain":0,"player_choice":"Lose Max HP","damage_taken":0,"relics_obtained":["Golden Idol"],"max_hp_gain":0,"max_hp_loss":7,"event_name":"Golden Idol","floor":2,"gold_loss":0},{"damage_healed":0,"gold_gain":0,"player_choice":"Obtained Relic","damage_taken":0,"relics_obtained":["Girya"],"max_hp_gain":0,"max_hp_loss":0,"event_name":"Addict","floor":19,"gold_loss":85},{"damage_healed":0,"gold_gain":0,"player_choice":"Fought Bandits","damage_taken":0,"max_hp_gain":0,"max_hp_loss":0,"event_name":"Masked Bandits","floor":20,"gold_loss":0},{"damage_healed":0,"gold_gain":0,"player_choice":"Bet on Murderer","damage_taken":0,"max_hp_gain":0,"max_hp_loss":0,"event_name":"The Joust","floor":21,"gold_loss":50},{"damage_healed":0,"gold_gain":0,"player_choice":"Ignored","damage_taken":0,"max_hp_gain":0,"max_hp_loss":0,"event_name":"The Mausoleum","floor":31,"gold_loss":0}],"is_beta":true,"boss_relics":[{"not_picked":["White Beast Statue","Eternal Feather"],"picked":"Astrolabe"}],"items_purged_floors":[10],"is_endless":false,"potions_floor_spawned":[1,5,11,20,25],"killed_by":"Automaton","ascension_level":20}