{"gold_per_floor":[112,37,55,55,55,55,72,104,104,118,135,166,185,335,335,409,409,429,443,443,443,456,456,489,10,10,41,53,78,96,126,126,203,203,214,234,249,267,277,277,308,326,349,349,349,380,432,168,168,168,168,168,168,2,37,37],"floor_reached":57,"playtime":5302,"items_purged":["Strike_G","Doubt","Decay"],"score":2983,"play_id":"99acd9df-d406-4a3d-b214-a632e9f93e80","local_time":"20190422151017","is_ascension_mode":true,"campfire_choices":[{"data":"Dagger Throw","floor":6,"key":"SMITH"},{"data":"Bouncing Flask","floor":15,"key":"SMITH"},{"data":"Catalyst","floor":23,"key":"SMITH"},{"data":"After Image","floor":32,"key":"SMITH"},{"data":"Noxious Fumes","floor":40,"key":"SMITH"},{"floor":44,"key":"RECALL"},{"floor":49,"key":"REST"},{"floor":53,"key":"REST"}],"neow_cost":"NONE","seed_source_timestamp":6143494855402,"circlet_count":0,"master_deck":["AscendersBane","Defend_G","Defend_G","Defend_G","Defend_G","Defend_G","Survivor","Neutralize+1","Infinite Blades","Dagger Throw+1","Poisoned Stab+1","PiercingWail","Bouncing Flask+1","Die Die Die","Escape Plan","Catalyst+1","Backflip","Calculated Gamble","Skewer","After Image+1","Cloak And Dagger","Catalyst","Noxious Fumes+1","PiercingWail","Crippling Poison","Expertise+1","Leg Sweep","Corpse Explosion","PiercingWail","Backflip","Burst","Deadly Poison+1","Escape Plan","Deflect","Apotheosis","Well Laid Plans","Cloak And Dagger+1"],"relics":["Ring of the Snake","Snake Skull","Darkstone Periapt","Meat on the Bone","Whetstone","Shovel","Cursed Key","Incense Burner","Lee\u0027s Waffle","FossilizedHelix","Ninja Scroll","Pear","Bottled Tornado","Empty Cage","The Courier","StoneCalendar","Tingsha","Dead Branch"],"potions_floor_usage":[24,28,29,39,41,51,51,55,56,56],"damage_taken":[{"damage":1,"enemies":"Small Slimes","floor":1,"turns":5},{"damage":0,"enemies":"2 Louse","floor":3,"turns":3},{"damage":0,"enemies":"Cultist","floor":7,"turns":4},{"damage":24,"enemies":"Lagavulin","floor":8,"turns":7},{"damage":0,"enemies":"Large Slime","floor":10,"turns":4},{"damage":0,"enemies":"Blue Slaver","floor":11,"turns":3},{"damage":24,"enemies":"3 Sentries","floor":12,"turns":9},{"damage":10,"enemies":"Gremlin Gang","floor":13,"turns":5},{"damage":33,"enemies":"Hexaghost","floor":16,"turns":9},{"damage":0,"enemies":"Chosen","floor":18,"turns":3},{"damage":25,"enemies":"Shell Parasite","floor":19,"turns":5},{"damage":9,"enemies":"Snake Plant","floor":22,"turns":4},{"damage":5,"enemies":"Slavers","floor":24,"turns":5},{"damage":7,"enemies":"Book of Stabbing","floor":27,"turns":3},{"damage":0,"enemies":"Centurion and Healer","floor":28,"turns":5},{"damage":12,"enemies":"Gremlin Leader","floor":29,"turns":6},{"damage":0,"enemies":"3 Cultists","floor":30,"turns":5},{"damage":5,"enemies":"Book of Stabbing","floor":31,"turns":4},{"damage":0,"enemies":"Champ","floor":33,"turns":6},{"damage":0,"enemies":"Orb Walker","floor":35,"turns":3},{"damage":0,"enemies":"3 Darklings","floor":36,"turns":2},{"damage":0,"enemies":"Jaw Worm Horde","floor":37,"turns":5},{"damage":0,"enemies":"Sphere and 2 Shapes","floor":38,"turns":4},{"damage":15,"enemies":"4 Shapes","floor":39,"turns":5},{"damage":20,"enemies":"Reptomancer","floor":41,"turns":5},{"damage":19,"enemies":"Spire Growth","floor":42,"turns":5},{"damage":0,"enemies":"Giant Head","floor":46,"turns":6},{"damage":28,"enemies":"2 Orb Walkers","floor":47,"turns":5},{"damage":41,"enemies":"Time Eater","floor":50,"turns":6},{"damage":8,"enemies":"Awakened One","floor":51,"turns":19},{"damage":33,"enemies":"Shield and Spear","floor":55,"turns":6},{"damage":68,"enemies":"The Heart","floor":56,"turns":7}],"seed_played":"-3703250405820452963","potions_obtained":[{"floor":1,"key":"GhostInAJar"},{"floor":10,"key":"PowerPotion"},{"floor":22,"key":"Fruit Juice"},{"floor":28,"key":"PowerPotion"},{"floor":37,"key":"FearPotion"},{"floor":39,"key":"SteroidPotion"},{"floor":42,"key":"PowerPotion"},{"floor":55,"key":"Weak Potion"}],"is_trial":false,"path_per_floor":["M","$","M","?","?","R","M","E","T","M","M","E","M","?","R","B",null,"M","M","?","?","M","R","E","$","T","E","M","E","M","E","R","B",null,"M","M","M","M","M","R","E","M","T","R","?","E","?","$","R","B","B",null,"R","$","E","B",null],"character_chosen":"THE_SILENT","items_purchased":["Noxious Fumes","PiercingWail","Lee\u0027s Waffle","Explosive Potion","Apotheosis","Well Laid Plans","GamblersBrew","Strength Potion"],"campfire_rested":2,"item_purchase_floors":[25,25,25,25,48,54,54,54],"current_hp_per_floor":[58,58,58,40,40,40,40,16,16,28,40,28,30,36,36,15,58,58,45,45,45,48,48,43,79,85,78,83,81,81,76,76,76,94,94,94,94,94,79,79,59,52,58,58,58,58,42,42,73,44,48,92,106,106,73,17],"gold":37,"neow_bonus":"RANDOM_COMMON_RELIC","is_prod":false,"is_daily":false,"chose_seed":false,"campfire_upgraded":5,"win_rate":0,"timestamp":1555971017,"path_taken":["M","$","M","?","?","R","?","E","T","M","M","E","M","?","R","BOSS","M","M","?","?","M","R","E","$","T","E","M","E","M","E","R","BOSS","M","M","?","M","M","R","E","M","T","R","?","E","?","?","R","BOSS","BOSS","R","$","E","BOSS"],"build_version":"2019-04-21","purchased_purges":3,"victory":true,"max_hp_per_floor":[66,66,66,66,66,66,66,66,66,66,66,66,66,72,72,72,72,72,72,72,72,72,72,72,79,85,85,90,100,100,100,100,100,100,100,100,100,100,100,100,100,100,106,106,106,106,106,106,106,106,106,106,106,106,106,106],"card_choices":[{"not_picked":["Blur","Choke"],"picked":"Infinite Blades","floor":1},{"not_picked":["PiercingWail","Dodge and Roll"],"picked":"Dagger Throw","floor":3},{"not_picked":["Acrobatics","Doppelganger"],"picked":"Poisoned Stab","floor":7},{"not_picked":["Bane","Backflip"],"picked":"Skewer","floor":8},{"not_picked":["Acrobatics","Cloak And Dagger"],"picked":"PiercingWail","floor":10},{"not_picked":["Deadly Poison","Underhanded Strike"],"picked":"Bouncing Flask","floor":11},{"not_picked":["Bullet Time","Outmaneuver"],"picked":"Die Die Die","floor":12},{"not_picked":["Cloak And Dagger","Backflip"],"picked":"Escape Plan","floor":13},{"not_picked":["Eviscerate","Deflect"],"picked":"Catalyst","floor":18},{"not_picked":["Setup","Dagger Throw"],"picked":"Backflip","floor":19},{"not_picked":["Bane+1","Dagger Spray"],"picked":"Cloak And Dagger","floor":22},{"not_picked":["Dagger Throw+1","Unload"],"picked":"Catalyst","floor":24},{"not_picked":["Flying Knee","Concentrate","Slice"],"picked":"SKIP","floor":27},{"not_picked":["Accuracy+1","Dodge and Roll"],"picked":"Crippling Poison","floor":28},{"not_picked":["Sucker Punch","Finisher"],"picked":"Expertise+1","floor":29},{"not_picked":["All Out Attack","Predator","Bane"],"picked":"SKIP","floor":30},{"not_picked":["Bouncing Flask","Terror"],"picked":"Leg Sweep","floor":31},{"not_picked":["Unload","Glass Knife"],"picked":"Corpse Explosion","floor":33},{"not_picked":["Cloak And Dagger","Bane"],"picked":"PiercingWail","floor":35},{"not_picked":["Flying Knee+1","Noxious Fumes"],"picked":"Backflip","floor":36},{"not_picked":["Finisher","Poisoned Stab+1","Bane"],"picked":"SKIP","floor":37},{"not_picked":["Prepared","Dagger Throw","Bane"],"picked":"SKIP","floor":38},{"not_picked":["Flying Knee","Dagger Throw"],"picked":"Burst","floor":39},{"not_picked":["Quick Slash","Backstab"],"picked":"Deadly Poison+1","floor":41},{"not_picked":["Backstab","Slice+1"],"picked":"Escape Plan","floor":42},{"not_picked":["Outmaneuver","Caltrops+1","Endless Agony"],"picked":"SKIP","floor":46},{"not_picked":["Dagger Throw","Poisoned Stab+1"],"picked":"Deflect","floor":47},{"not_picked":["Blade Dance","Skewer+1"],"picked":"Cloak And Dagger+1","floor":55}],"player_experience":5761917,"relics_obtained":[{"floor":8,"key":"Meat on the Bone"},{"floor":9,"key":"Whetstone"},{"floor":12,"key":"Shovel"},{"floor":24,"key":"Incense Burner"},{"floor":26,"key":"FossilizedHelix"},{"floor":27,"key":"Ninja Scroll"},{"floor":29,"key":"Pear"},{"floor":31,"key":"Bottled Tornado"},{"floor":41,"key":"The Courier"},{"floor":46,"key":"StoneCalendar"},{"floor":47,"key":"Tingsha"},{"floor":55,"key":"Dead Branch"}],"event_choices":[{"damage_healed":0,"gold_gain":0,"player_choice":"Success","damage_taken":18,"relics_obtained":["Darkstone Periapt"],"max_hp_gain":0,"max_hp_loss":0,"event_name":"Scrap Ooze","floor":4,"gold_loss":0},{"damage_healed":0,"gold_gain":0,"player_choice":"Upgraded","damage_taken":0,"max_hp_gain":0,"max_hp_loss":0,"event_name":"Upgrade Shrine","floor":5,"gold_loss":0,"cards_upgraded":["Neutralize"]},{"damage_healed":0,"gold_gain":150,"player_choice":"AGREE","damage_taken":0,"max_hp_gain":0,"max_hp_loss":0,"event_name":"Liars Game","floor":14,"gold_loss":0,"cards_obtained":["Doubt"]},{"damage_healed":0,"gold_gain":0,"cards_transformed":["Strike_G","Strike_G"],"player_choice":"Became Test Subject","damage_taken":0,"max_hp_gain":0,"max_hp_loss":0,"event_name":"Drug Dealer","floor":20,"gold_loss":0,"cards_obtained":["Calculated Gamble","Skewer"]},{"damage_healed":0,"gold_gain":0,"cards_transformed":["Strike_G"],"player_choice":"Transformed","damage_taken":0,"max_hp_gain":0,"max_hp_loss":0,"event_name":"Transmorgrifier","floor":21,"gold_loss":0,"cards_obtained":["After Image"]},{"cards_removed":["Skewer"],"damage_healed":0,"gold_gain":0,"player_choice":"Removed Attack","damage_taken":0,"max_hp_gain":0,"max_hp_loss":0,"event_name":"Falling","floor":45,"gold_loss":0},{"damage_healed":0,"gold_gain":0,"player_choice":"Fight","damage_taken":0,"max_hp_gain":0,"max_hp_loss":0,"event_name":"Mysterious Sphere","floor":47,"gold_loss":0}],"is_beta":true,"boss_relics":[{"not_picked":["Black Star","Tiny House"],"picked":"Cursed Key"},{"not_picked":["White Beast Statue","Runic Dome"],"picked":"Empty Cage"}],"items_purged_floors":[2,25,48],"is_endless":false,"potions_floor_spawned":[1,10,13,16,19,22,28,37,39,42,55],"ascension_level":20}