{"gold_per_floor":[116,135,210,210,229,263,263,292,292,292,319,319,329,354,354,354],"floor_reached":16,"playtime":781,"items_purged":[],"score":256,"play_id":"58277009-151f-4132-8714-f697b3245128","local_time":"20190419144234","is_ascension_mode":true,"campfire_choices":[{"data":"Zap","floor":7,"key":"SMITH"},{"floor":10,"key":"REST"},{"floor":12,"key":"REST"},{"data":"Seek","floor":15,"key":"SMITH"}],"neow_cost":"NONE","seed_source_timestamp":4376397309014,"circlet_count":0,"master_deck":["AscendersBane","Strike_B","Strike_B","Strike_B","Strike_B","Defend_B","Defend_B","Defend_B","Defend_B","Zap+1","Dualcast","Ball Lightning","Gash","Pain","Seek+1","Gash","Self Repair","Leap+1","Gash"],"relics":["Cracked Core","WarpedTongs","The Courier","Toxic Egg 2","Cables","Dead Branch","Thread and Needle"],"potions_floor_usage":[6,6,8],"damage_taken":[{"damage":0,"enemies":"Cultist","floor":1,"turns":3},{"damage":4,"enemies":"Small Slimes","floor":2,"turns":4},{"damage":3,"enemies":"2 Louse","floor":5,"turns":2},{"damage":12,"enemies":"Gremlin Nob","floor":6,"turns":3},{"damage":26,"enemies":"3 Sentries","floor":8,"turns":6},{"damage":27,"enemies":"Lagavulin","floor":11,"turns":5},{"damage":18,"enemies":"Gremlin Gang","floor":13,"turns":3},{"damage":23,"enemies":"3 Sentries","floor":14,"turns":6},{"damage":31,"enemies":"Hexaghost","floor":16,"turns":9}],"seed_played":"-5243340933425013347","potions_obtained":[{"floor":0,"key":"AttackPotion"},{"floor":0,"key":"SteroidPotion"},{"floor":6,"key":"Regen Potion"},{"floor":8,"key":"Ancient Potion"}],"is_trial":false,"path_per_floor":["M","M","?","?","M","E","R","E","T","R","E","R","M","E","R","B"],"character_chosen":"DEFECT","items_purchased":[],"campfire_rested":2,"item_purchase_floors":[],"current_hp_per_floor":[64,60,49,49,46,34,34,23,23,44,27,48,37,28,28,0],"gold":354,"neow_bonus":"THREE_SMALL_POTIONS","is_prod":false,"is_daily":false,"chose_seed":false,"campfire_upgraded":2,"win_rate":0,"timestamp":1555710154,"path_taken":["M","?","?","?","M","E","R","E","T","R","E","R","?","E","R","BOSS"],"build_version":"2019-04-04","purchased_purges":0,"victory":false,"max_hp_per_floor":[71,71,71,71,71,71,71,71,71,71,71,71,71,71,71,71],"card_choices":[{"not_picked":["Hologram","Compile Driver"],"picked":"Ball Lightning","floor":1},{"not_picked":["Leap","Hologram"],"picked":"Gash","floor":2},{"not_picked":["Coolheaded","Ball Lightning"],"picked":"Seek","floor":5},{"not_picked":["Loop","Darkness"],"picked":"Gash","floor":6},{"not_picked":["Melter","Static Discharge"],"picked":"Self Repair","floor":8},{"not_picked":["Auto Shields+1","Steam Power+1"],"picked":"Leap+1","floor":11},{"not_picked":["Capacitor","Beam Cell"],"picked":"Gash","floor":13},{"not_picked":["Compile Driver","Streamline","Hello World"],"picked":"SKIP","floor":14}],"player_experience":5721600,"relics_obtained":[{"floor":6,"key":"The Courier"},{"floor":8,"key":"Toxic Egg 2"},{"floor":9,"key":"Cables"},{"floor":11,"key":"Dead Branch"},{"floor":14,"key":"Thread and Needle"}],"event_choices":[{"damage_healed":0,"gold_gain":75,"player_choice":"Gather Gold","damage_taken":11,"max_hp_gain":0,"max_hp_loss":0,"event_name":"World of Goop","floor":3,"gold_loss":0},{"damage_healed":0,"gold_gain":0,"player_choice":"Rummage","damage_taken":0,"relics_obtained":["WarpedTongs"],"max_hp_gain":0,"max_hp_loss":0,"event_name":"Accursed Blacksmith","floor":4,"gold_loss":0,"cards_obtained":["Pain"]}],"is_beta":true,"boss_relics":[],"items_purged_floors":[],"is_endless":false,"potions_floor_spawned":[6,8],"killed_by":"Hexaghost","ascension_level":20}