{"gold_per_floor":[116,116,116,116,132,132,157,157,157,157,19,39,56,88,88,166,166,182,192,58,74,108,137,137,151,151,151,185,205,26,40,40,114,114,131,149,149,197,217,243,343,358,358,385,405,405,433,655,655,655,655,655,655,48,78,78],"floor_reached":56,"playtime":6976,"items_purged":["Strike_B","Strike_B","Strike_B"],"score":2045,"play_id":"8d161c75-69e4-4f76-8417-1790ed339bcd","local_time":"20190413160139","is_ascension_mode":true,"campfire_choices":[{"data":"Ball Lightning","floor":6,"key":"SMITH"},{"data":"Capacitor","floor":8,"key":"SMITH"},{"data":"Defend_B","floor":10,"key":"SMITH"},{"data":"Stack","floor":15,"key":"SMITH"},{"data":"Seek","floor":24,"key":"SMITH"},{"data":"Consume","floor":27,"key":"SMITH"},{"data":"Turbo","floor":32,"key":"SMITH"},{"floor":46,"key":"RECALL"},{"data":"Hologram","floor":49,"key":"SMITH"},{"data":"Sunder","floor":53,"key":"SMITH"}],"neow_cost":"NONE","seed_source_timestamp":259663267347999,"circlet_count":0,"master_deck":["AscendersBane","Defend_B+1","Defend_B","Defend_B","Defend_B","Zap+1","Dualcast","Capacitor+1","Ball Lightning+1","Echo Form","Self Repair","Doom and Gloom","Doom and Gloom","Stack+1","Seek+1","Coolheaded","Turbo+1","Hologram","Cold Snap","Consume+1","Hologram+1","Undo","Static Discharge+1","Echo Form+1","Hologram+1","Capacitor+1","Finesse","PanicButton","Sunder+1","Reprogram","Conserve Battery","Barrage+1","Skim"],"relics":["Cracked Core","Bronze Scales","WarpedTongs","Meat on the Bone","Nunchaku","Mercury Hourglass","Empty Cage","Red Mask","Ginger","Frozen Egg 2","Pantograph","Runic Dome","Gambling Chip","Pen Nib","Emotion Chip","Regal Pillow","Darkstone Periapt","Calipers","Lantern","StoneCalendar"],"potions_floor_usage":[7,22,23,25,38,38,55,56],"damage_taken":[{"damage":7,"enemies":"Small Slimes","floor":1,"turns":3},{"damage":14,"enemies":"2 Louse","floor":5,"turns":3},{"damage":24,"enemies":"Lagavulin","floor":7,"turns":4},{"damage":0,"enemies":"Cultist","floor":12,"turns":2},{"damage":12,"enemies":"Large Slime","floor":13,"turns":5},{"damage":4,"enemies":"Gremlin Nob","floor":14,"turns":3},{"damage":8,"enemies":"Slime Boss","floor":16,"turns":6},{"damage":15,"enemies":"3 Byrds","floor":18,"turns":3},{"damage":0,"enemies":"Chosen","floor":19,"turns":5},{"damage":18,"enemies":"Centurion and Healer","floor":21,"turns":12},{"damage":0,"enemies":"Masked Bandits","floor":22,"turns":2},{"damage":44,"enemies":"Book of Stabbing","floor":23,"turns":6},{"damage":12,"enemies":"Cultist and Chosen","floor":25,"turns":6},{"damage":9,"enemies":"Gremlin Leader","floor":28,"turns":6},{"damage":24,"enemies":"Shelled Parasite and Fungi","floor":29,"turns":8},{"damage":8,"enemies":"Centurion and Healer","floor":31,"turns":9},{"damage":36,"enemies":"Collector","floor":33,"turns":7},{"damage":12,"enemies":"3 Darklings","floor":35,"turns":4},{"damage":13,"enemies":"Orb Walker","floor":36,"turns":5},{"damage":41,"enemies":"2 Orb Walkers","floor":38,"turns":4},{"damage":6,"enemies":"3 Darklings","floor":39,"turns":4},{"damage":0,"enemies":"Nemesis","floor":40,"turns":17},{"damage":2,"enemies":"Mind Bloom Boss Battle","floor":41,"turns":9},{"damage":6,"enemies":"4 Shapes","floor":42,"turns":8},{"damage":26,"enemies":"Reptomancer","floor":44,"turns":7},{"damage":17,"enemies":"Transient","floor":45,"turns":6},{"damage":35,"enemies":"Giant Head","floor":47,"turns":15},{"damage":47,"enemies":"Awakened One","floor":50,"turns":20},{"damage":42,"enemies":"Donu and Deca","floor":51,"turns":10},{"damage":65,"enemies":"Shield and Spear","floor":55,"turns":6},{"damage":64,"enemies":"The Heart","floor":56,"turns":8}],"seed_played":"1260557438195445467","potions_obtained":[{"floor":5,"key":"Strength Potion"},{"floor":13,"key":"PowerPotion"},{"floor":22,"key":"Ancient Potion"},{"floor":25,"key":"FocusPotion"},{"floor":35,"key":"Energy Potion"},{"floor":40,"key":"Weak Potion"},{"floor":44,"key":"Ancient Potion"}],"is_trial":false,"path_per_floor":["M","?","?","?","M","R","E","R","T","R","$","M","M","E","R","B",null,"M","M","$","M","?","E","R","M","T","R","E","M","$","M","R","B",null,"M","M","?","?","M","E","?","M","T","E","M","R","E","?","R","B","B",null,"R","$","E","B"],"character_chosen":"DEFECT","items_purchased":["Self Repair","Weak Potion","Hologram","Static Discharge+1","Calipers","Lantern"],"campfire_rested":0,"item_purchase_floors":[11,11,20,30,54,54],"current_hp_per_floor":[57,31,54,54,40,40,16,16,16,16,16,35,55,51,51,43,64,63,63,63,65,65,33,33,53,53,53,54,62,62,71,71,61,69,71,71,61,32,45,65,71,71,71,52,67,67,64,64,64,56,61,69,69,69,36,0],"gold":78,"neow_bonus":"UPGRADE_CARD","is_prod":false,"is_daily":false,"chose_seed":false,"campfire_upgraded":9,"win_rate":0,"timestamp":1555196499,"path_taken":["M","?","?","?","M","R","E","R","T","R","$","M","M","E","R","BOSS","M","M","$","M","?","E","R","M","T","R","E","M","$","M","R","BOSS","M","M","?","?","?","E","?","M","T","E","M","R","E","?","R","BOSS","BOSS","R","$","E","BOSS"],"build_version":"2019-04-04","purchased_purges":3,"victory":false,"max_hp_per_floor":[71,71,71,71,71,71,71,71,71,71,71,71,71,71,71,71,71,71,71,71,71,71,71,71,71,71,71,71,71,71,71,71,71,71,71,71,71,71,71,71,71,71,71,71,71,71,71,71,71,71,71,71,71,71,71,71],"card_choices":[{"not_picked":["Streamline","Stack"],"picked":"Capacitor","floor":1},{"not_picked":["Leap","Coolheaded"],"picked":"Ball Lightning","floor":5},{"not_picked":["Sunder","Recycle"],"picked":"Echo Form","floor":7},{"not_picked":["Conserve Battery","Genetic Algorithm"],"picked":"Doom and Gloom","floor":12},{"not_picked":["Barrage","Redo"],"picked":"Doom and Gloom","floor":13},{"not_picked":["Darkness","Tempest"],"picked":"Stack","floor":14},{"not_picked":["Hyperbeam","Reboot"],"picked":"Seek","floor":16},{"not_picked":["Stack","Chaos+1"],"picked":"Coolheaded","floor":18},{"not_picked":["Redo","Leap"],"picked":"Turbo","floor":19},{"not_picked":["Tempest","Storm"],"picked":"Cold Snap","floor":21},{"not_picked":["Leap+1","Barrage"],"picked":"Consume","floor":23},{"not_picked":["Skim","Stack"],"picked":"Hologram+1","floor":25},{"not_picked":["Self Repair+1","Gash","White Noise"],"picked":"SKIP","floor":28},{"not_picked":["Rebound","Barrage"],"picked":"Undo","floor":29},{"not_picked":["Compile Driver","Barrage","Redo+1"],"picked":"SKIP","floor":31},{"not_picked":["Hyperbeam","All For One"],"picked":"Echo Form+1","floor":33},{"not_picked":["Storm+1","Consume"],"picked":"Hologram","floor":35},{"not_picked":["Redo","Stack"],"picked":"Capacitor+1","floor":36},{"not_picked":["Transmutation","Madness"],"picked":"Finesse","floor":37},{"not_picked":["Swift Strike","Forethought"],"picked":"PanicButton","floor":37},{"not_picked":["Barrage","Gash","Double Energy"],"picked":"SKIP","floor":39},{"not_picked":["Barrage","Gash","Double Energy"],"picked":"SKIP","floor":39},{"not_picked":["Reinforced Body","Force Field"],"picked":"Sunder","floor":40},{"not_picked":["Heatsinks+1","Streamline+1"],"picked":"Reprogram","floor":42},{"not_picked":["Hologram","Storm+1","Turbo"],"picked":"SKIP","floor":44},{"not_picked":["Steam","Reprogram"],"picked":"Conserve Battery","floor":45},{"not_picked":["Consume","Reboot"],"picked":"Barrage+1","floor":47},{"not_picked":["Reboot","Turbo"],"picked":"Skim","floor":55}],"player_experience":5578801,"relics_obtained":[{"floor":7,"key":"Meat on the Bone"},{"floor":9,"key":"Nunchaku"},{"floor":14,"key":"Mercury Hourglass"},{"floor":22,"key":"Red Mask"},{"floor":23,"key":"Ginger"},{"floor":26,"key":"Frozen Egg 2"},{"floor":28,"key":"Pantograph"},{"floor":38,"key":"Gambling Chip"},{"floor":40,"key":"Pen Nib"},{"floor":41,"key":"Emotion Chip"},{"floor":44,"key":"Regal Pillow"},{"floor":47,"key":"Darkstone Periapt"},{"floor":55,"key":"StoneCalendar"}],"event_choices":[{"damage_healed":0,"gold_gain":0,"player_choice":"Success","damage_taken":26,"relics_obtained":["Bronze Scales"],"max_hp_gain":0,"max_hp_loss":0,"event_name":"Scrap Ooze","floor":2,"gold_loss":0},{"damage_healed":23,"gold_gain":0,"player_choice":"Banana","damage_taken":0,"max_hp_gain":0,"max_hp_loss":0,"event_name":"Big Fish","floor":3,"gold_loss":0},{"damage_healed":0,"gold_gain":0,"player_choice":"Rummage","damage_taken":0,"relics_obtained":["WarpedTongs"],"max_hp_gain":0,"max_hp_loss":0,"event_name":"Accursed Blacksmith","floor":4,"gold_loss":0,"cards_obtained":["Pain"]},{"damage_healed":0,"gold_gain":0,"player_choice":"Fought Bandits","damage_taken":0,"max_hp_gain":0,"max_hp_loss":0,"event_name":"Masked Bandits","floor":22,"gold_loss":0},{"damage_healed":0,"gold_gain":0,"player_choice":"Memory 3","damage_taken":10,"max_hp_gain":0,"max_hp_loss":0,"event_name":"SensoryStone","floor":37,"gold_loss":0},{"damage_healed":0,"gold_gain":0,"player_choice":"Fight","damage_taken":0,"max_hp_gain":0,"max_hp_loss":0,"event_name":"Mysterious Sphere","floor":38,"gold_loss":0},{"damage_healed":0,"gold_gain":0,"player_choice":"Fight","damage_taken":0,"max_hp_gain":0,"max_hp_loss":0,"event_name":"MindBloom","floor":41,"gold_loss":0},{"damage_healed":0,"gold_gain":222,"player_choice":"Wore Mask","damage_taken":0,"max_hp_gain":0,"max_hp_loss":0,"event_name":"Tomb of Lord Red Mask","floor":48,"gold_loss":0}],"is_beta":true,"boss_relics":[{"not_picked":["Lizard Tail","White Beast Statue"],"picked":"Empty Cage"},{"not_picked":["Orrery","Astrolabe"],"picked":"Runic Dome"}],"items_purged_floors":[20,30,54],"is_endless":false,"potions_floor_spawned":[5,13,16,18,19,22,25,35,40,44,45],"killed_by":"The Heart","ascension_level":20}