{"gold_per_floor":[119,119,137,137,5,5,48,48,98,141,160,200,216,231,231,320,320,343,343,343,367,17,61,186,217,217,217,236,280,280,294,294,384,384,405,423,54,54,79,120,144,185,185,203,203,227,258,297,297,297,297,297,297,10,41,41],"floor_reached":57,"playtime":4871,"items_purged":["Strike_R","Anger+1","Strike_R"],"score":3325,"play_id":"e9621ac4-5841-46f8-9bda-8ef70698dda5","local_time":"20190419160423","is_ascension_mode":true,"campfire_choices":[{"data":"Anger","floor":6,"key":"SMITH"},{"floor":8,"key":"REST"},{"data":"Carnage","floor":15,"key":"SMITH"},{"data":"Whirlwind","floor":27,"key":"SMITH"},{"data":"Feel No Pain","floor":30,"key":"SMITH"},{"data":"Disarm","floor":32,"key":"SMITH"},{"floor":45,"key":"RECALL"},{"data":"Inflame","floor":49,"key":"SMITH"},{"data":"Fiend Fire","floor":53,"key":"SMITH"}],"neow_cost":"NONE","seed_source_timestamp":5171679812236,"circlet_count":0,"master_deck":["AscendersBane","Strike_R+1","Strike_R","Strike_R","Defend_R","Defend_R+1","Defend_R","Defend_R","Bash+1","Headbutt","Carnage+1","Disarm+1","Whirlwind+1","Shrug It Off+1","Battle Trance+1","Fiend Fire+1","Shrug It Off","Corruption","Clothesline","Impervious","Feel No Pain+1","Battle Trance+1","Shrug It Off+1","Exhume+1","Burning Pact+1","Disarm+1","Feed","Shrug It Off+1","True Grit+1","Heavy Blade+1","Rupture","Inflame+1","Barricade","Dark Shackles+1","Thunderclap+1","Flex+1"],"relics":["Burning Blood","Golden Idol","Bag of Marbles","Boot","Ice Cream","Happy Flower","Snecko Eye","MutagenicStrength","Omamori","Bottled Flame","WingedGreaves","Kunai","Toxic Egg 2","War Paint","Black Star","Lantern","Letter Opener","Molten Egg 2","Blood Vial","Self Forming Clay","FossilizedHelix","The Courier","Turnip","Bag of Preparation","Gremlin Horn","Paper Frog","Bottled Lightning"],"potions_floor_usage":[10,10,16,56,56],"damage_taken":[{"damage":3,"enemies":"Small Slimes","floor":1,"turns":3},{"damage":9,"enemies":"Jaw Worm","floor":3,"turns":4},{"damage":29,"enemies":"3 Sentries","floor":7,"turns":11},{"damage":27,"enemies":"Lagavulin","floor":10,"turns":4},{"damage":0,"enemies":"Cultist","floor":11,"turns":2},{"damage":22,"enemies":"3 Sentries","floor":12,"turns":8},{"damage":16,"enemies":"Exordium Wildlife","floor":13,"turns":4},{"damage":4,"enemies":"Looter","floor":14,"turns":3},{"damage":0,"enemies":"Hexaghost","floor":16,"turns":6},{"damage":0,"enemies":"Spheric Guardian","floor":18,"turns":1},{"damage":0,"enemies":"3 Byrds","floor":21,"turns":3},{"damage":0,"enemies":"Slavers","floor":23,"turns":1},{"damage":0,"enemies":"Colosseum Slavers","floor":24,"turns":1},{"damage":0,"enemies":"Colosseum Nobs","floor":24,"turns":4},{"damage":11,"enemies":"Book of Stabbing","floor":25,"turns":3},{"damage":0,"enemies":"Centurion and Healer","floor":28,"turns":5},{"damage":0,"enemies":"Gremlin Leader","floor":29,"turns":3},{"damage":3,"enemies":"Shelled Parasite and Fungi","floor":31,"turns":4},{"damage":20,"enemies":"Champ","floor":33,"turns":24},{"damage":0,"enemies":"3 Shapes","floor":35,"turns":4},{"damage":14,"enemies":"Orb Walker","floor":36,"turns":3},{"damage":0,"enemies":"Jaw Worm Horde","floor":39,"turns":1},{"damage":5,"enemies":"Reptomancer","floor":40,"turns":7},{"damage":0,"enemies":"Transient","floor":41,"turns":6},{"damage":31,"enemies":"Nemesis","floor":42,"turns":8},{"damage":0,"enemies":"Sphere and 2 Shapes","floor":44,"turns":3},{"damage":0,"enemies":"Maw","floor":46,"turns":5},{"damage":0,"enemies":"Reptomancer","floor":47,"turns":5},{"damage":0,"enemies":"Giant Head","floor":48,"turns":7},{"damage":0,"enemies":"Time Eater","floor":50,"turns":16},{"damage":28,"enemies":"Donu and Deca","floor":51,"turns":10},{"damage":11,"enemies":"Shield and Spear","floor":55,"turns":11},{"damage":32,"enemies":"The Heart","floor":56,"turns":9}],"seed_played":"-5721959298666186071","potions_obtained":[{"floor":1,"key":"EntropicBrew"},{"floor":13,"key":"Strength Potion"},{"floor":16,"key":"Dexterity Potion"},{"floor":23,"key":"Energy Potion"},{"floor":24,"key":"Energy Potion"},{"floor":36,"key":"Ancient Potion"},{"floor":42,"key":"GamblersBrew"}],"is_trial":false,"path_per_floor":["M","?","M","?","$","R","E","R","T","E","M","E","M","M","R","B",null,"M","?","?","M","$","E","?","E","T","R","M","E","R","M","R","B",null,"M","M","$","?","M","E","M","E","T","M","R","M","E","E","R","B","B",null,"R","$","E","B",null],"character_chosen":"IRONCLAD","items_purchased":["Anger","Corruption","Omamori","Disarm+1","Lantern","Barricade","Dark Shackles+1","SteroidPotion","Thunderclap+1"],"campfire_rested":1,"item_purchase_floors":[5,22,22,37,37,54,54,54,54],"current_hp_per_floor":[71,68,65,45,45,45,22,42,42,33,39,23,13,15,15,21,56,62,62,62,68,68,68,68,63,63,63,68,68,68,68,68,54,65,68,60,60,68,68,71,71,46,46,57,57,68,79,83,83,83,64,81,81,81,81,57],"gold":41,"neow_bonus":"UPGRADE_CARD","is_prod":false,"is_daily":false,"chose_seed":false,"campfire_upgraded":7,"win_rate":0,"timestamp":1555715063,"path_taken":["M","?","M","?","?","R","E","R","T","E","M","E","M","?","R","BOSS","M","?","?","M","?","E","?","E","T","R","M","E","R","M","R","BOSS","M","M","$","?","M","E","M","E","T","M","R","M","E","E","R","BOSS","BOSS","R","$","E","BOSS"],"build_version":"2019-04-04","purchased_purges":3,"victory":true,"max_hp_per_floor":[75,68,68,68,68,68,68,68,68,68,68,68,68,68,68,68,68,68,68,68,68,68,68,68,68,68,68,68,68,68,68,68,68,68,68,68,68,68,68,71,71,71,71,74,74,77,80,83,83,83,86,86,86,86,89,89],"card_choices":[{"not_picked":["Intimidate","Ghostly Armor"],"picked":"Headbutt","floor":1},{"not_picked":["Body Slam","Flex","Dropkick"],"picked":"SKIP","floor":3},{"not_picked":["Demon Form","Anger"],"picked":"Carnage","floor":7},{"not_picked":["Havoc","Perfected Strike","Heavy Blade"],"picked":"SKIP","floor":10},{"not_picked":["Reckless Charge","Metallicize"],"picked":"Disarm","floor":11},{"not_picked":["Thunderclap","Clash"],"picked":"Whirlwind","floor":12},{"not_picked":["Second Wind","Armaments"],"picked":"Shrug It Off","floor":13},{"not_picked":["Hemokinesis","Clothesline"],"picked":"Battle Trance","floor":14},{"not_picked":["Demon Form","Limit Break"],"picked":"Fiend Fire","floor":16},{"not_picked":["Pommel Strike","Thunderclap+1","Sword Boomerang"],"picked":"SKIP","floor":18},{"not_picked":["Seeing Red","Anger"],"picked":"Shrug It Off","floor":21},{"not_picked":["Searing Blow","Combust"],"picked":"Clothesline","floor":23},{"not_picked":["Heavy Blade","Ghostly Armor"],"picked":"Impervious","floor":24},{"not_picked":["Ghostly Armor+1","Thunderclap"],"picked":"Feel No Pain","floor":25},{"not_picked":["Whirlwind","Carnage"],"picked":"Battle Trance+1","floor":28},{"not_picked":["Power Through+1","Evolve"],"picked":"Shrug It Off+1","floor":29},{"not_picked":["Reckless Charge","Clothesline","Hemokinesis"],"picked":"SKIP","floor":31},{"not_picked":["Fiend Fire","Bludgeon"],"picked":"Exhume+1","floor":33},{"not_picked":["Pommel Strike","Twin Strike","Warcry+1"],"picked":"SKIP","floor":35},{"not_picked":["Flex+1","Anger"],"picked":"Burning Pact+1","floor":36},{"not_picked":["Shrug It Off+1","Pommel Strike"],"picked":"Feed","floor":39},{"not_picked":["Clothesline","Infernal Blade+1","Reckless Charge"],"picked":"SKIP","floor":40},{"not_picked":["Heavy Blade+1","Battle Trance+1"],"picked":"Shrug It Off+1","floor":41},{"not_picked":["Second Wind+1","Perfected Strike+1"],"picked":"True Grit+1","floor":42},{"not_picked":["Warcry+1","Wild Strike+1"],"picked":"Heavy Blade+1","floor":44},{"not_picked":["Iron Wave+1","Second Wind+1","Metallicize"],"picked":"SKIP","floor":46},{"not_picked":["Corruption","True Grit+1"],"picked":"Rupture","floor":47},{"not_picked":["Metallicize","Flame Barrier+1"],"picked":"Inflame","floor":48},{"not_picked":["Twin Strike+1","Berserk"],"picked":"Flex+1","floor":55}],"player_experience":5722381,"relics_obtained":[{"floor":7,"key":"Bag of Marbles"},{"floor":9,"key":"Boot"},{"floor":10,"key":"Ice Cream"},{"floor":12,"key":"Happy Flower"},{"floor":23,"key":"Bottled Flame"},{"floor":24,"key":"WingedGreaves"},{"floor":24,"key":"Kunai"},{"floor":25,"key":"Toxic Egg 2"},{"floor":29,"key":"War Paint"},{"floor":40,"key":"Letter Opener"},{"floor":40,"key":"Molten Egg 2"},{"floor":42,"key":"Blood Vial"},{"floor":42,"key":"Self Forming Clay"},{"floor":43,"key":"FossilizedHelix"},{"floor":47,"key":"The Courier"},{"floor":47,"key":"Turnip"},{"floor":48,"key":"Bag of Preparation"},{"floor":48,"key":"Gremlin Horn"},{"floor":55,"key":"Paper Frog"},{"floor":55,"key":"Bottled Lightning"}],"event_choices":[{"damage_healed":0,"gold_gain":0,"player_choice":"Lose Max HP","damage_taken":0,"relics_obtained":["Golden Idol"],"max_hp_gain":0,"max_hp_loss":7,"event_name":"Golden Idol","floor":2,"gold_loss":0},{"damage_healed":0,"gold_gain":0,"player_choice":"Entered Light","damage_taken":20,"max_hp_gain":0,"max_hp_loss":0,"event_name":"Shining Light","floor":4,"gold_loss":0,"cards_upgraded":["Strike_R","Defend_R"]},{"damage_healed":0,"gold_gain":0,"player_choice":"Ignored","damage_taken":0,"max_hp_gain":0,"max_hp_loss":0,"event_name":"Vampires","floor":19,"gold_loss":0},{"damage_healed":0,"gold_gain":0,"player_choice":"Inject Mutagens","damage_taken":0,"relics_obtained":["MutagenicStrength"],"max_hp_gain":0,"max_hp_loss":0,"event_name":"Drug Dealer","floor":20,"gold_loss":0},{"damage_healed":0,"gold_gain":0,"player_choice":"Fight","damage_taken":0,"max_hp_gain":0,"max_hp_loss":0,"event_name":"Colosseum","floor":24,"gold_loss":0},{"damage_healed":0,"gold_gain":0,"player_choice":"Fought Nobs","damage_taken":0,"max_hp_gain":0,"max_hp_loss":0,"event_name":"Colosseum","floor":24,"gold_loss":0},{"damage_healed":14,"gold_gain":0,"player_choice":"Writhe","damage_taken":0,"max_hp_gain":0,"max_hp_loss":0,"event_name":"Winding Halls","floor":38,"gold_loss":0,"cards_obtained":["Writhe"]}],"is_beta":true,"boss_relics":[{"not_picked":["Astrolabe","Mark of Pain"],"picked":"Snecko Eye"},{"not_picked":["Eternal Feather","Black Blood"],"picked":"Black Star"}],"items_purged_floors":[5,22,37],"is_endless":false,"potions_floor_spawned":[1,13,14,16,23,24,24,28,33,36,41,42,44,55],"ascension_level":20}