{"gold_per_floor":[115,125,125,200,212,212,544,544,544,544,544,504,504,548,548,548],"floor_reached":16,"playtime":825,"items_purged":[],"score":212,"play_id":"3b3bc578-707c-4d0d-a021-0bce9e4ff360","local_time":"20190411225011","is_ascension_mode":true,"campfire_choices":[{"data":"Poisoned Stab","floor":6,"key":"SMITH"},{"floor":8,"key":"REST"},{"data":"Dagger Throw","floor":11,"key":"SMITH"},{"floor":13,"key":"REST"},{"data":"Noxious Fumes","floor":15,"key":"SMITH"}],"neow_cost":"NONE","seed_source_timestamp":117515024007007,"circlet_count":0,"master_deck":["AscendersBane","Defend_G","Defend_G","Defend_G","Defend_G","Defend_G","Strike_G","Strike_G","Strike_G","Strike_G","Survivor","Neutralize","Dagger Throw+1","PiercingWail","Poisoned Stab+1","After Image","Noxious Fumes+1","Backflip"],"relics":["Ring of the Snake","Old Coin","Nunchaku","Golden Idol","Question Card"],"potions_floor_usage":[7],"damage_taken":[{"damage":7,"enemies":"Small Slimes","floor":1,"turns":5},{"damage":0,"enemies":"2 Louse","floor":2,"turns":3},{"damage":2,"enemies":"Jaw Worm","floor":5,"turns":5},{"damage":31,"enemies":"3 Sentries","floor":7,"turns":13},{"damage":1,"enemies":"Looter","floor":12,"turns":4},{"damage":15,"enemies":"Lagavulin","floor":14,"turns":9},{"damage":31,"enemies":"Slime Boss","floor":16,"turns":8}],"seed_played":"-6836666044252185670","potions_obtained":[{"floor":5,"key":"Block Potion"}],"is_trial":false,"path_per_floor":["M","M","?","?","M","R","E","R","T","?","R","M","R","E","R","B"],"character_chosen":"THE_SILENT","items_purchased":[],"campfire_rested":2,"item_purchase_floors":[],"current_hp_per_floor":[58,58,51,40,38,38,7,28,28,28,28,27,46,31,31,0],"gold":548,"neow_bonus":"TEN_PERCENT_HP_BONUS","is_prod":false,"is_daily":false,"chose_seed":false,"campfire_upgraded":3,"win_rate":0,"timestamp":1555048211,"path_taken":["M","M","?","?","M","R","E","R","T","?","R","M","R","E","R","BOSS"],"build_version":"2019-04-04","purchased_purges":0,"victory":false,"max_hp_per_floor":[72,72,72,72,72,72,72,72,72,65,65,65,65,65,65,65],"card_choices":[{"not_picked":["Slice","Backflip"],"picked":"Dagger Throw","floor":1},{"not_picked":["Flying Knee","Night Terror"],"picked":"PiercingWail","floor":2},{"not_picked":["Finisher","Flying Knee"],"picked":"Poisoned Stab","floor":5},{"not_picked":["PiercingWail","Blade Dance"],"picked":"After Image","floor":7},{"not_picked":["Terror","Blur"],"picked":"Noxious Fumes","floor":12},{"not_picked":["Grand Finale","Dagger Throw"],"picked":"Backflip","floor":14}],"player_experience":5542884,"relics_obtained":[{"floor":7,"key":"Old Coin"},{"floor":9,"key":"Nunchaku"},{"floor":14,"key":"Question Card"}],"event_choices":[{"cards_removed":["Strike_G"],"damage_healed":0,"gold_gain":0,"player_choice":"Card Removal","damage_taken":7,"max_hp_gain":0,"max_hp_loss":0,"event_name":"Golden Wing","floor":3,"gold_loss":0},{"damage_healed":0,"gold_gain":75,"player_choice":"Gather Gold","damage_taken":11,"max_hp_gain":0,"max_hp_loss":0,"event_name":"World of Goop","floor":4,"gold_loss":0},{"damage_healed":0,"gold_gain":0,"player_choice":"Lose Max HP","damage_taken":0,"relics_obtained":["Golden Idol"],"max_hp_gain":0,"max_hp_loss":7,"event_name":"Golden Idol","floor":10,"gold_loss":0}],"is_beta":true,"boss_relics":[],"items_purged_floors":[],"is_endless":false,"potions_floor_spawned":[5],"killed_by":"Slime Boss","ascension_level":20}