{"gold_per_floor":[111,111,36,55,20,20,20,20,46,60,60,110,139,153,153,225,225,238,17,117,131,131,156,156,191,191,225,225,225,225,235,235,310,310,323,2,2,2,16,41,341,301,376,376,408,408,408,425,425,425,425,425,425,11,46,46],"floor_reached":56,"playtime":5426,"items_purged":["Strike_B","Strike_B","Defend_B"],"score":2110,"play_id":"ac8fa4f8-edae-4263-9651-bfa8b44540ce","local_time":"20190418175301","is_ascension_mode":true,"campfire_choices":[{"data":"Zap","floor":6,"key":"SMITH"},{"data":"Ball Lightning","floor":11,"key":"SMITH"},{"data":"Coolheaded","floor":15,"key":"SMITH"},{"floor":24,"key":"REST"},{"floor":28,"key":"REST"},{"data":"Defragment","floor":30,"key":"SMITH"},{"data":"Capacitor","floor":32,"key":"SMITH"},{"floor":47,"key":"RECALL"},{"data":"Biased Cognition","floor":49,"key":"SMITH"},{"data":"Defragment","floor":53,"key":"SMITH"}],"neow_cost":"NONE","seed_source_timestamp":319937929712607,"circlet_count":0,"master_deck":["AscendersBane","Defend_B","Defend_B","Zap+1","Dualcast","Cold Snap","Coolheaded+1","Ball Lightning+1","Coolheaded","Go for the Eyes","Biased Cognition+1","Static Discharge","Defragment+1","BootSequence","Reinforced Body","Genetic Algorithm","Hologram","Biased Cognition","Coolheaded","Defragment+1","Undo","Core Surge","Capacitor+1","Amplify","Darkness","Chill","Storm+1","Coolheaded+1","Go for the Eyes+1","Force Field","Blind","Heatsinks","Turbo"],"relics":["Cracked Core","Juzu Bracelet","Potion Belt","Strawberry","Letter Opener","Runic Pyramid","Prayer Wheel","Matryoshka","Bag of Marbles","Happy Flower","Kunai","Vajra","Blood Vial","Coffee Dripper","Chemical X","Bottled Tornado","Art of War","Old Coin","Nunchaku","Symbiotic Virus"],"potions_floor_usage":[13,16,23,23,25,27,33,40,50,55,55,56],"damage_taken":[{"damage":9,"enemies":"Small Slimes","floor":1,"turns":4},{"damage":4,"enemies":"2 Louse","floor":4,"turns":3},{"damage":0,"enemies":"Cultist","floor":10,"turns":3},{"damage":4,"enemies":"Gremlin Nob","floor":13,"turns":3},{"damage":18,"enemies":"Large Slime","floor":14,"turns":4},{"damage":40,"enemies":"The Guardian","floor":16,"turns":14},{"damage":0,"enemies":"3 Byrds","floor":18,"turns":4},{"damage":2,"enemies":"Colosseum Slavers","floor":20,"turns":4},{"damage":39,"enemies":"Colosseum Nobs","floor":20,"turns":5},{"damage":0,"enemies":"Chosen","floor":21,"turns":5},{"damage":6,"enemies":"Gremlin Leader","floor":23,"turns":7},{"damage":24,"enemies":"Slavers","floor":25,"turns":4},{"damage":23,"enemies":"Gremlin Leader","floor":27,"turns":9},{"damage":0,"enemies":"Sentry and Sphere","floor":31,"turns":5},{"damage":19,"enemies":"Collector","floor":33,"turns":9},{"damage":21,"enemies":"3 Darklings","floor":35,"turns":5},{"damage":3,"enemies":"3 Shapes","floor":39,"turns":4},{"damage":11,"enemies":"Reptomancer","floor":40,"turns":4},{"damage":0,"enemies":"Giant Head","floor":45,"turns":6},{"damage":0,"enemies":"Maw","floor":48,"turns":6},{"damage":0,"enemies":"Donu and Deca","floor":50,"turns":12},{"damage":17,"enemies":"Time Eater","floor":51,"turns":16},{"damage":25,"enemies":"Shield and Spear","floor":55,"turns":8},{"damage":51,"enemies":"The Heart","floor":56,"turns":5}],"seed_played":"3308557123561707142","potions_obtained":[{"floor":1,"key":"FearPotion"},{"floor":4,"key":"LiquidBronze"},{"floor":10,"key":"Poison Potion"},{"floor":14,"key":"SteroidPotion"},{"floor":21,"key":"Poison Potion"},{"floor":23,"key":"Swift Potion"},{"floor":25,"key":"Swift Potion"},{"floor":40,"key":"SkillPotion"},{"floor":42,"key":"SkillPotion"},{"floor":42,"key":"GamblersBrew"},{"floor":42,"key":"Explosive Potion"},{"floor":48,"key":"Weak Potion"}],"is_trial":false,"path_per_floor":["M","?","$","M","?","R","?","?","T","M","R","T","E","M","R","B",null,"M","$","?","M","?","E","R","E","T","E","R","?","R","M","R","B",null,"M","$","?","?","M","E","T","?","T","?","E","?","R","M","R","B","B",null,"R","$","E","B"],"character_chosen":"DEFECT","items_purchased":["Defragment","BootSequence","Chemical X","Darkness","Explosive Potion","Poison Potion","Blind","Heatsinks","Turbo"],"campfire_rested":2,"item_purchase_floors":[19,19,36,36,36,54,54,54,54],"current_hp_per_floor":[62,55,55,51,70,70,75,57,57,57,57,64,60,42,42,2,68,68,68,27,27,27,21,48,24,24,1,28,28,28,30,30,13,71,52,52,52,52,51,42,42,42,42,42,44,44,44,46,46,48,33,72,72,72,49,0],"gold":46,"neow_bonus":"TEN_PERCENT_HP_BONUS","is_prod":false,"is_daily":false,"chose_seed":false,"campfire_upgraded":7,"win_rate":0,"timestamp":1555635181,"path_taken":["M","?","$","M","?","R","?","?","T","M","R","?","E","M","R","BOSS","M","$","?","M","?","E","R","E","T","E","R","?","R","M","R","BOSS","M","$","?","?","M","E","?","?","T","?","E","?","R","M","R","BOSS","BOSS","R","$","E","BOSS"],"build_version":"2019-04-04","purchased_purges":3,"victory":false,"max_hp_per_floor":[78,78,78,78,78,78,83,83,83,83,83,90,90,90,90,90,90,90,90,90,90,90,90,90,90,90,90,90,90,90,90,90,90,90,90,90,90,85,85,85,85,85,85,85,85,85,85,85,85,85,85,85,85,85,85,85],"card_choices":[{"not_picked":["Blizzard","Auto Shields"],"picked":"Cold Snap","floor":1},{"not_picked":["Beam Cell","Chill"],"picked":"Coolheaded","floor":4},{"not_picked":["Double Energy","Undo"],"picked":"Ball Lightning","floor":10},{"not_picked":["Reprogram","Leap"],"picked":"Coolheaded","floor":13},{"not_picked":["Streamline","Chaos"],"picked":"Go for the Eyes","floor":14},{"not_picked":["Echo Form","Rainbow"],"picked":"Biased Cognition","floor":16},{"not_picked":["Steam","BootSequence+1"],"picked":"Static Discharge","floor":18},{"not_picked":["Leap","Heatsinks"],"picked":"Reinforced Body","floor":20},{"not_picked":["Rebound","Sweeping Beam"],"picked":"Genetic Algorithm","floor":21},{"not_picked":["Compile Driver","Streamline"],"picked":"Hologram","floor":21},{"not_picked":["Hyperbeam","Ball Lightning"],"picked":"Coolheaded","floor":23},{"not_picked":["Skim","Self Repair"],"picked":"Coolheaded","floor":25},{"not_picked":["Hologram+1","Genetic Algorithm"],"picked":"Defragment","floor":27},{"not_picked":["Barrage","Stack"],"picked":"Capacitor","floor":31},{"not_picked":["Conserve Battery","Ball Lightning","Redo"],"picked":"SKIP","floor":31},{"not_picked":["Fission","Reboot"],"picked":"Amplify","floor":33},{"not_picked":["Leap","Steam","Lockon"],"picked":"SKIP","floor":35},{"not_picked":["Tempest","Stack","Compile Driver"],"picked":"SKIP","floor":35},{"not_picked":["Ball Lightning","Hologram"],"picked":"Chill","floor":39},{"not_picked":["Sweeping Beam","Compile Driver"],"picked":"Storm+1","floor":39},{"not_picked":["Cold Snap+1","Chaos"],"picked":"Coolheaded+1","floor":40},{"not_picked":["Beam Cell","Stack"],"picked":"Go for the Eyes+1","floor":45},{"not_picked":["Coolheaded","Heatsinks+1"],"picked":"Force Field","floor":48},{"not_picked":["Barrage","Fusion","Leap"],"picked":"SKIP","floor":48},{"not_picked":["Consume","Redo","FTL+1"],"picked":"SKIP","floor":55}],"player_experience":5693422,"relics_obtained":[{"floor":9,"key":"Potion Belt"},{"floor":12,"key":"Strawberry"},{"floor":13,"key":"Letter Opener"},{"floor":20,"key":"Prayer Wheel"},{"floor":20,"key":"Matryoshka"},{"floor":23,"key":"Bag of Marbles"},{"floor":25,"key":"Happy Flower"},{"floor":26,"key":"Kunai"},{"floor":26,"key":"Vajra"},{"floor":27,"key":"Blood Vial"},{"floor":40,"key":"Bottled Tornado"},{"floor":41,"key":"Art of War"},{"floor":41,"key":"Old Coin"},{"floor":45,"key":"Nunchaku"},{"floor":55,"key":"Symbiotic Virus"}],"event_choices":[{"cards_removed":["Strike_B"],"damage_healed":0,"gold_gain":0,"player_choice":"Card Removal","damage_taken":7,"max_hp_gain":0,"max_hp_loss":0,"event_name":"Golden Wing","floor":2,"gold_loss":0},{"damage_healed":19,"gold_gain":0,"player_choice":"Healed","damage_taken":0,"max_hp_gain":0,"max_hp_loss":0,"event_name":"The Cleric","floor":5,"gold_loss":35},{"damage_healed":0,"gold_gain":0,"player_choice":"Donut","damage_taken":0,"max_hp_gain":5,"max_hp_loss":0,"event_name":"Big Fish","floor":7,"gold_loss":0},{"damage_healed":0,"gold_gain":0,"player_choice":"Success","damage_taken":18,"relics_obtained":["Juzu Bracelet"],"max_hp_gain":0,"max_hp_loss":0,"event_name":"Scrap Ooze","floor":8,"gold_loss":0},{"damage_healed":0,"gold_gain":0,"player_choice":"Fight","damage_taken":0,"max_hp_gain":0,"max_hp_loss":0,"event_name":"Colosseum","floor":20,"gold_loss":0},{"damage_healed":0,"gold_gain":0,"player_choice":"Fought Nobs","damage_taken":0,"max_hp_gain":0,"max_hp_loss":0,"event_name":"Colosseum","floor":20,"gold_loss":0},{"damage_healed":0,"gold_gain":0,"player_choice":"Read","damage_taken":0,"max_hp_gain":0,"max_hp_loss":0,"event_name":"The Library","floor":22,"gold_loss":0,"cards_obtained":["Biased Cognition"]},{"damage_healed":0,"gold_gain":0,"cards_transformed":["Defend_B","Strike_B"],"player_choice":"Became Test Subject","damage_taken":0,"max_hp_gain":0,"max_hp_loss":0,"event_name":"Drug Dealer","floor":29,"gold_loss":0,"cards_obtained":["Undo","Core Surge"]},{"cards_removed":["Coolheaded"],"damage_healed":0,"gold_gain":0,"player_choice":"Removed Skill","damage_taken":0,"max_hp_gain":0,"max_hp_loss":0,"event_name":"Falling","floor":37,"gold_loss":0},{"damage_healed":0,"gold_gain":0,"player_choice":"Max HP","damage_taken":0,"max_hp_gain":0,"max_hp_loss":5,"event_name":"Winding Halls","floor":38,"gold_loss":0},{"damage_healed":0,"gold_gain":0,"player_choice":"Bought 3 Potions","damage_taken":0,"max_hp_gain":0,"max_hp_loss":0,"event_name":"The Woman in Blue","floor":42,"gold_loss":0},{"damage_healed":0,"gold_gain":0,"player_choice":"Ignored","damage_taken":0,"max_hp_gain":0,"max_hp_loss":0,"event_name":"The Moai Head","floor":44,"gold_loss":0},{"damage_healed":0,"gold_gain":0,"player_choice":"Ignored","damage_taken":0,"max_hp_gain":0,"max_hp_loss":0,"event_name":"Tomb of Lord Red Mask","floor":46,"gold_loss":0}],"is_beta":true,"boss_relics":[{"not_picked":["Lizard Tail","Sozu"],"picked":"Runic Pyramid"},{"not_picked":["FrozenCore","Philosopher\u0027s Stone"],"picked":"Coffee Dripper"}],"items_purged_floors":[3,19,54],"is_endless":false,"potions_floor_spawned":[1,4,10,14,20,21,23,25,40,48],"killed_by":"The Heart","ascension_level":20}