{"gold_per_floor":[114,129,129,148,174,174,200,200,200,228,242,253,280,291,291,369,369,389,9,28,38,54,54,71,101,101,115,115,140,153,22,22,96,96,108,0,0,0,0,0,30,30,79,79,90,90,107,207,207,207,207,207,207,55,87,87],"floor_reached":56,"playtime":3681,"items_purged":["Strike_R","Regret"],"score":1924,"play_id":"917de5f8-cc06-4ebd-87ff-a0a7a161e262","local_time":"20190413170324","is_ascension_mode":true,"campfire_choices":[{"data":"Disarm","floor":6,"key":"SMITH"},{"data":"Cleave","floor":8,"key":"SMITH"},{"data":"Perfected Strike","floor":15,"key":"SMITH"},{"data":"Inflame","floor":23,"key":"SMITH"},{"data":"Inflame","floor":28,"key":"SMITH"},{"data":"Demon Form","floor":32,"key":"SMITH"},{"data":"Disarm","floor":40,"key":"SMITH"},{"floor":42,"key":"RECALL"},{"data":"Feel No Pain","floor":44,"key":"SMITH"},{"data":"Heavy Blade","floor":49,"key":"SMITH"},{"data":"Battle Trance","floor":53,"key":"SMITH"}],"neow_cost":"TEN_PERCENT_HP_LOSS","seed_source_timestamp":266652051801115,"circlet_count":0,"master_deck":["AscendersBane","Strike_R+1","Strike_R","Strike_R","Defend_R","Defend_R","Defend_R","Defend_R","Bash+1","Reaper","Feel No Pain+1","Disarm+1","Cleave+1","Battle Trance+1","Wild Strike","Armaments","Clothesline","Perfected Strike+1","Immolate","Pommel Strike+1","Inflame+1","Shockwave","Inflame+1","Disarm+1","Perfected Strike+1","Reaper","Shrug It Off","Shrug It Off","Demon Form+1","Shrug It Off","Reaper","Shrug It Off+1","Corruption","Heavy Blade+1","True Grit+1","Shrug It Off","Limit Break"],"relics":["Burning Blood","Centennial Puzzle","Kunai","Gremlin Horn","Bag of Preparation","Pear","Cursed Key","Medical Kit","Dodecahedron","Bronze Scales","Coffee Dripper","Red Mask","Question Card","Champion Belt","Oddly Smooth Stone"],"potions_floor_usage":[10,13,16,18,56,56],"damage_taken":[{"damage":6,"enemies":"Cultist","floor":1,"turns":3},{"damage":11,"enemies":"Jaw Worm","floor":2,"turns":5},{"damage":9,"enemies":"2 Louse","floor":4,"turns":4},{"damage":29,"enemies":"3 Sentries","floor":7,"turns":16},{"damage":8,"enemies":"Gremlin Nob","floor":10,"turns":3},{"damage":25,"enemies":"Exordium Wildlife","floor":11,"turns":6},{"damage":0,"enemies":"2 Fungi Beasts","floor":12,"turns":2},{"damage":28,"enemies":"Lagavulin","floor":13,"turns":10},{"damage":5,"enemies":"Looter","floor":14,"turns":4},{"damage":36,"enemies":"Hexaghost","floor":16,"turns":12},{"damage":13,"enemies":"Shell Parasite","floor":18,"turns":5},{"damage":6,"enemies":"3 Byrds","floor":20,"turns":5},{"damage":17,"enemies":"Snecko","floor":21,"turns":5},{"damage":21,"enemies":"Cultist and Chosen","floor":22,"turns":6},{"damage":3,"enemies":"Snake Plant","floor":24,"turns":5},{"damage":6,"enemies":"Gremlin Leader","floor":25,"turns":5},{"damage":3,"enemies":"3 Cultists","floor":27,"turns":3},{"damage":33,"enemies":"Slavers","floor":29,"turns":4},{"damage":36,"enemies":"Centurion and Healer","floor":30,"turns":5},{"damage":44,"enemies":"Collector","floor":33,"turns":8},{"damage":14,"enemies":"3 Shapes","floor":35,"turns":4},{"damage":29,"enemies":"Nemesis","floor":41,"turns":13},{"damage":24,"enemies":"3 Darklings","floor":45,"turns":5},{"damage":18,"enemies":"Transient","floor":47,"turns":6},{"damage":0,"enemies":"Mind Bloom Boss Battle","floor":48,"turns":4},{"damage":97,"enemies":"Time Eater","floor":50,"turns":12},{"damage":71,"enemies":"Awakened One","floor":51,"turns":12},{"damage":70,"enemies":"Shield and Spear","floor":55,"turns":11},{"damage":100,"enemies":"The Heart","floor":56,"turns":5}],"seed_played":"-745370181333908378","potions_obtained":[{"floor":4,"key":"Energy Potion"},{"floor":10,"key":"SpeedPotion"},{"floor":12,"key":"Fruit Juice"},{"floor":13,"key":"Block Potion"},{"floor":14,"key":"SkillPotion"},{"floor":16,"key":"SpeedPotion"},{"floor":18,"key":"Dexterity Potion"},{"floor":22,"key":"Energy Potion"},{"floor":35,"key":"Weak Potion"}],"is_trial":false,"path_per_floor":["M","M","?","M","T","R","E","R","T","E","M","M","E","M","R","B",null,"M","$","M","M","M","R","M","E","T","M","R","E","M","$","R","B",null,"M","?","T","?","$","R","E","R","T","R","M","?","M","?","R","B","B",null,"R","$","E","B"],"character_chosen":"IRONCLAD","items_purchased":["Medical Kit","Inflame","Demon Form","Shrug It Off","Shrug It Off"],"campfire_rested":0,"item_purchase_floors":[19,19,31,31,54],"current_hp_per_floor":[68,68,48,53,53,53,42,42,42,44,33,43,38,39,39,9,65,58,58,61,56,41,41,51,63,63,83,83,56,54,54,54,60,77,83,83,83,83,83,83,68,68,68,68,83,79,79,79,79,62,79,79,79,79,73,0],"gold":87,"neow_bonus":"THREE_RARE_CARDS","is_prod":false,"is_daily":false,"chose_seed":false,"campfire_upgraded":10,"win_rate":0,"timestamp":1555200204,"path_taken":["M","?","?","M","?","R","E","R","T","E","M","M","E","M","R","BOSS","M","?","M","M","?","R","M","E","T","M","R","E","M","$","R","BOSS","M","?","?","?","?","R","E","R","T","R","?","?","M","?","R","BOSS","BOSS","R","$","E","BOSS"],"build_version":"2019-04-04","purchased_purges":2,"victory":false,"max_hp_per_floor":[68,68,68,68,68,68,68,68,68,68,68,68,83,83,83,83,83,83,83,83,83,83,83,83,83,83,83,83,83,83,83,83,83,83,83,83,83,83,83,83,83,83,83,83,83,79,79,79,79,79,79,79,79,79,79,79],"card_choices":[{"not_picked":["Impervious","Bludgeon"],"picked":"Reaper","floor":0},{"not_picked":["Havoc","Blood for Blood"],"picked":"Feel No Pain","floor":1},{"not_picked":["Ghostly Armor","Second Wind","Havoc"],"picked":"SKIP","floor":2},{"not_picked":["Ghostly Armor","Blood for Blood"],"picked":"Disarm","floor":4},{"not_picked":["Power Through","Wild Strike"],"picked":"Cleave","floor":7},{"not_picked":["Rage","Uppercut"],"picked":"Battle Trance","floor":10},{"not_picked":["Intimidate","Sentinel"],"picked":"Wild Strike","floor":11},{"not_picked":["Pommel Strike","Sword Boomerang"],"picked":"Armaments","floor":12},{"not_picked":["Heavy Blade","Thunderclap"],"picked":"Clothesline","floor":13},{"not_picked":["Bloodletting","Havoc"],"picked":"Perfected Strike","floor":14},{"not_picked":["Dark Embrace","Barricade"],"picked":"Immolate","floor":16},{"not_picked":["Warcry","Heavy Blade"],"picked":"Pommel Strike+1","floor":18},{"not_picked":["Rupture","Headbutt"],"picked":"Shockwave","floor":20},{"not_picked":["True Grit","Cleave"],"picked":"Inflame","floor":21},{"not_picked":["Body Slam","Cleave"],"picked":"Disarm","floor":22},{"not_picked":["Sever Soul+1","Cleave"],"picked":"Perfected Strike+1","floor":24},{"not_picked":["Clash","Fire Breathing"],"picked":"Reaper","floor":25},{"not_picked":["Twin Strike","Cleave","Clash"],"picked":"SKIP","floor":27},{"not_picked":["Iron Wave","Shockwave"],"picked":"Shrug It Off","floor":29},{"not_picked":["Wild Strike","Clothesline"],"picked":"Shrug It Off","floor":30},{"not_picked":["Juggernaut","Immolate"],"picked":"Reaper","floor":33},{"not_picked":["Bloodletting","Cleave"],"picked":"Shrug It Off+1","floor":35},{"not_picked":["Ghostly Armor","Power Through+1"],"picked":"Corruption","floor":41},{"not_picked":["Dropkick","Blood for Blood+1","Dual Wield","Cleave"],"picked":"SKIP","floor":45},{"not_picked":["Havoc","Combust","Iron Wave"],"picked":"Heavy Blade","floor":47},{"not_picked":["Combust","Thunderclap","Iron Wave"],"picked":"True Grit+1","floor":48},{"not_picked":["Pommel Strike","Spot Weakness","Armaments"],"picked":"Limit Break","floor":55}],"player_experience":5585777,"relics_obtained":[{"floor":5,"key":"Centennial Puzzle"},{"floor":7,"key":"Kunai"},{"floor":9,"key":"Gremlin Horn"},{"floor":10,"key":"Bag of Preparation"},{"floor":13,"key":"Pear"},{"floor":25,"key":"Dodecahedron"},{"floor":29,"key":"Bronze Scales"},{"floor":41,"key":"Question Card"},{"floor":48,"key":"Champion Belt"},{"floor":55,"key":"Oddly Smooth Stone"}],"event_choices":[{"damage_healed":0,"gold_gain":0,"player_choice":"Entered Light","damage_taken":20,"max_hp_gain":0,"max_hp_loss":0,"event_name":"Shining Light","floor":3,"gold_loss":0,"cards_upgraded":["Strike_R","Bash"]},{"damage_healed":0,"gold_gain":0,"player_choice":"Paid","damage_taken":0,"relics_obtained":["Red Mask"],"max_hp_gain":0,"max_hp_loss":0,"event_name":"Tomb of Lord Red Mask","floor":36,"gold_loss":108},{"cards_removed":["Strike_R"],"damage_healed":0,"gold_gain":0,"player_choice":"Removed Attack","damage_taken":0,"max_hp_gain":0,"max_hp_loss":0,"event_name":"Falling","floor":38,"gold_loss":0},{"damage_healed":0,"gold_gain":0,"player_choice":"Max HP","damage_taken":0,"max_hp_gain":0,"max_hp_loss":4,"event_name":"Winding Halls","floor":46,"gold_loss":0},{"damage_healed":0,"gold_gain":0,"player_choice":"Fight","damage_taken":0,"max_hp_gain":0,"max_hp_loss":0,"event_name":"MindBloom","floor":48,"gold_loss":0}],"is_beta":true,"boss_relics":[{"not_picked":["Black Blood","Runic Cube"],"picked":"Cursed Key"},{"not_picked":["Velvet Choker","Busted Crown"],"picked":"Coffee Dripper"}],"items_purged_floors":[19,54],"is_endless":false,"potions_floor_spawned":[4,10,12,13,14,16,18,22,25,29,35,48],"killed_by":"The Heart","ascension_level":20}