{"gold_per_floor":[119,64,82,82,82,82,116,116,116,142,158,433,433,46,46,118,118,137,137,137,137,148,148,163,163,210,226,255,268,280,67,67,67],"floor_reached":33,"playtime":1609,"items_purged":["Regret","Strike_B+1"],"score":596,"play_id":"6396ed51-a45f-49e9-993d-203807b77284","local_time":"20190414141841","is_ascension_mode":true,"campfire_choices":[{"data":"Sunder","floor":6,"key":"SMITH"},{"floor":8,"key":"REST"},{"data":"Loop","floor":13,"key":"SMITH"},{"data":"Static Discharge","floor":15,"key":"SMITH"},{"floor":23,"key":"REST"},{"floor":25,"key":"REST"},{"data":"Loop","floor":32,"key":"SMITH"}],"neow_cost":"NONE","seed_source_timestamp":345240523072725,"circlet_count":0,"master_deck":["AscendersBane","Strike_B+1","Strike_B+1","Strike_B+1","Defend_B+1","Defend_B+1","Defend_B+1","Defend_B+1","Zap+1","Dualcast","Leap","Sunder+1","Melter","Conserve Battery","Loop+1","Static Discharge+1","Fission","Turbo","Chill","Loop+1","Glacier","Sweeping Beam","Electrodynamics","Self Repair","Loop"],"relics":["Cracked Core","Blue Candle","The Courier","Pocketwatch","Toy Ornithopter","Inserter","DataDisk","Pen Nib"],"potions_floor_usage":[10,16,20,28,28,33,33],"damage_taken":[{"damage":4,"enemies":"2 Louse","floor":1,"turns":3},{"damage":12,"enemies":"Small Slimes","floor":3,"turns":4},{"damage":23,"enemies":"Lagavulin","floor":7,"turns":7},{"damage":0,"enemies":"Gremlin Nob","floor":10,"turns":2},{"damage":0,"enemies":"Cultist","floor":11,"turns":3},{"damage":24,"enemies":"Hexaghost","floor":16,"turns":7},{"damage":3,"enemies":"3 Byrds","floor":18,"turns":4},{"damage":22,"enemies":"Colosseum Slavers","floor":20,"turns":5},{"damage":18,"enemies":"Chosen","floor":22,"turns":7},{"damage":0,"enemies":"3 Cultists","floor":24,"turns":6},{"damage":8,"enemies":"Shelled Parasite and Fungi","floor":27,"turns":5},{"damage":34,"enemies":"Slavers","floor":28,"turns":8},{"damage":2,"enemies":"Snecko","floor":29,"turns":4},{"damage":10,"enemies":"Centurion and Healer","floor":30,"turns":5},{"damage":29,"enemies":"Champ","floor":33,"turns":12}],"seed_played":"-3241510515554399394","potions_obtained":[{"floor":5,"key":"AttackPotion"},{"floor":16,"key":"Weak Potion"},{"floor":22,"key":"Strength Potion"},{"floor":28,"key":"FearPotion"}],"is_trial":false,"path_per_floor":["M","$","M","?","?","R","E","R","T","E","M","?","R","$","R","B",null,"M","?","?","?","M","R","M","R","T","M","E","M","M","$","R","B"],"character_chosen":"DEFECT","items_purchased":["Fire Potion","Static Discharge","Toy Ornithopter","Fruit Juice","Self Repair","Swift Potion","Loop"],"campfire_rested":3,"item_purchase_floors":[2,14,14,14,31,31,31],"current_hp_per_floor":[60,60,48,48,48,48,25,46,46,46,46,46,46,46,46,32,65,62,40,23,23,5,29,29,53,53,45,21,19,9,9,9,0],"gold":67,"neow_bonus":"UPGRADE_CARD","is_prod":false,"is_daily":false,"chose_seed":false,"campfire_upgraded":4,"win_rate":0,"timestamp":1555276721,"path_taken":["M","$","M","?","?","R","E","R","T","E","?","?","R","$","R","BOSS","M","?","?","?","M","R","?","R","T","M","E","M","M","$","R","BOSS"],"build_version":"2019-04-04","purchased_purges":2,"victory":false,"max_hp_per_floor":[71,71,71,71,71,71,71,71,71,71,71,71,71,71,71,76,76,76,81,81,81,81,81,81,81,81,81,81,81,81,81,81,81],"card_choices":[{"not_picked":["Rebound","Barrage"],"picked":"Leap","floor":1},{"not_picked":["Steam","Fusion"],"picked":"Sunder","floor":3},{"not_picked":["Stack","Storm"],"picked":"Melter","floor":7},{"not_picked":["White Noise","Sunder"],"picked":"Conserve Battery","floor":10},{"not_picked":["Reinforced Body","Compile Driver"],"picked":"Loop","floor":11},{"not_picked":["Thunder Strike","All For One"],"picked":"Fission","floor":16},{"not_picked":["Go for the Eyes","Rip and Tear+1"],"picked":"Turbo","floor":18},{"not_picked":["Melter","Redo"],"picked":"Chill","floor":22},{"not_picked":["Redo","Conserve Battery"],"picked":"Loop","floor":24},{"not_picked":["Static Discharge+1","Beam Cell"],"picked":"Glacier","floor":27},{"not_picked":["Turbo","Stack"],"picked":"Sweeping Beam","floor":28},{"not_picked":["Rebound","Steam","Conserve Battery"],"picked":"SKIP","floor":29},{"not_picked":["Rebound","Steam","Conserve Battery"],"picked":"SKIP","floor":29},{"not_picked":["Heatsinks","Sweeping Beam"],"picked":"Electrodynamics","floor":30}],"player_experience":5591820,"relics_obtained":[{"floor":7,"key":"Blue Candle"},{"floor":9,"key":"The Courier"},{"floor":10,"key":"Pocketwatch"},{"floor":26,"key":"DataDisk"},{"floor":28,"key":"Pen Nib"}],"event_choices":[{"damage_healed":0,"gold_gain":0,"player_choice":"Ignored","damage_taken":0,"max_hp_gain":0,"max_hp_loss":0,"event_name":"Liars Game","floor":4,"gold_loss":0},{"damage_healed":0,"gold_gain":0,"player_choice":"Got Potions","damage_taken":0,"max_hp_gain":0,"max_hp_loss":0,"event_name":"Lab","floor":5,"gold_loss":0},{"damage_healed":0,"gold_gain":275,"player_choice":"Desecrate","damage_taken":0,"max_hp_gain":0,"max_hp_loss":0,"event_name":"Golden Shrine","floor":12,"gold_loss":0,"cards_obtained":["Regret"]},{"damage_healed":0,"gold_gain":0,"player_choice":"Shed Blood","damage_taken":27,"max_hp_gain":5,"max_hp_loss":0,"event_name":"Forgotten Altar","floor":19,"gold_loss":0},{"damage_healed":0,"gold_gain":0,"player_choice":"Fight","damage_taken":0,"max_hp_gain":0,"max_hp_loss":0,"event_name":"Colosseum","floor":20,"gold_loss":0},{"damage_healed":0,"gold_gain":0,"player_choice":"Fled From Nobs","damage_taken":0,"max_hp_gain":0,"max_hp_loss":0,"event_name":"Colosseum","floor":20,"gold_loss":0},{"damage_healed":0,"gold_gain":0,"player_choice":"Simplicity","damage_taken":0,"max_hp_gain":0,"max_hp_loss":0,"event_name":"Back to Basics","floor":21,"gold_loss":0,"cards_upgraded":["Strike_B","Strike_B","Strike_B","Strike_B","Defend_B","Defend_B","Defend_B","Defend_B"]}],"is_beta":true,"boss_relics":[{"not_picked":["FrozenCore","Eternal Feather"],"picked":"Inserter"}],"items_purged_floors":[14,31],"is_endless":false,"potions_floor_spawned":[7,16,22,24,28],"killed_by":"Champ","ascension_level":20}