{"gold_per_floor":[117,117,131,146,160,160,177,208,208,236,236,286,318,30,30,106,106,119,149,184,184,184],"floor_reached":22,"playtime":1309,"items_purged":[],"score":404,"play_id":"2538e9c6-db41-490d-a798-3e9b101c4934","local_time":"20190502213808","is_ascension_mode":true,"campfire_choices":[{"data":"Dagger Spray","floor":6,"key":"SMITH"},{"floor":11,"key":"REST"},{"data":"Neutralize","floor":15,"key":"SMITH"}],"neow_cost":"TEN_PERCENT_HP_LOSS","seed_source_timestamp":215858605112110,"circlet_count":0,"master_deck":["AscendersBane","Defend_G","Defend_G","Defend_G","Defend_G","Defend_G","Strike_G","Strike_G","Strike_G","Strike_G","Strike_G","Survivor","Neutralize+1","Dagger Spray+1","Bouncing Flask","Dagger Spray","Quick Slash","Backflip","Calculated Gamble","Acrobatics","Adrenaline","PiercingWail","PiercingWail+1"],"relics":["Ring of the Snake","Thread and Needle","Meat on the Bone","Prayer Wheel","Peace Pipe","Ice Cream","Paper Crane","Sozu","Tiny Chest","Red Mask"],"potions_floor_usage":[8,13,16],"damage_taken":[{"damage":0,"enemies":"Jaw Worm","floor":1,"turns":5},{"damage":0,"enemies":"Cultist","floor":3,"turns":4},{"damage":0,"enemies":"2 Louse","floor":4,"turns":2},{"damage":2,"enemies":"2 Fungi Beasts","floor":5,"turns":4},{"damage":14,"enemies":"Large Slime","floor":7,"turns":6},{"damage":8,"enemies":"3 Sentries","floor":8,"turns":7},{"damage":16,"enemies":"Lagavulin","floor":10,"turns":8},{"damage":29,"enemies":"Gremlin Nob","floor":13,"turns":5},{"damage":3,"enemies":"The Guardian","floor":16,"turns":12},{"damage":0,"enemies":"Spheric Guardian","floor":18,"turns":6},{"damage":4,"enemies":"Masked Bandits","floor":20,"turns":3},{"damage":10,"enemies":"Colosseum Slavers","floor":22,"turns":5},{"damage":52,"enemies":"Colosseum Nobs","floor":22,"turns":4}],"seed_played":"8817928920334407407","potions_obtained":[{"floor":4,"key":"SkillPotion"},{"floor":10,"key":"Weak Potion"},{"floor":13,"key":"Dexterity Potion"}],"is_trial":false,"path_per_floor":["M","?","M","M","M","R","M","E","T","E","R","?","E","$","R","B",null,"M","T","?","?","?"],"character_chosen":"THE_SILENT","items_purchased":["Paper Crane","Acrobatics"],"campfire_rested":1,"item_purchase_floors":[14,14],"current_hp_per_floor":[59,59,59,59,57,57,43,35,35,31,49,43,26,26,26,35,54,54,54,50,34,0],"gold":184,"neow_bonus":"ONE_RARE_RELIC","is_prod":false,"is_daily":false,"chose_seed":false,"campfire_upgraded":2,"win_rate":0,"timestamp":1556858288,"path_taken":["M","?","M","?","M","R","M","E","T","E","R","?","E","$","R","BOSS","M","?","?","?","?"],"build_version":"2019-04-23","purchased_purges":0,"victory":false,"max_hp_per_floor":[60,60,60,60,60,60,60,60,60,60,60,60,60,60,60,60,60,60,60,60,65,65],"card_choices":[{"not_picked":["Acrobatics","Underhanded Strike"],"picked":"Dagger Spray","floor":1},{"not_picked":["Sucker Punch","Accuracy","Slice"],"picked":"SKIP","floor":3},{"not_picked":["Flying Knee","Prepared"],"picked":"Bouncing Flask","floor":4},{"not_picked":["Deflect","Underhanded Strike"],"picked":"Dagger Spray","floor":5},{"not_picked":["Expertise","Acrobatics","Underhanded Strike"],"picked":"SKIP","floor":7},{"not_picked":["Choke","Flying Knee"],"picked":"Quick Slash","floor":8},{"not_picked":["Bouncing Flask","Blade Dance"],"picked":"Backflip","floor":10},{"not_picked":["Flying Knee","Quick Slash"],"picked":"Calculated Gamble","floor":13},{"not_picked":["Doppelganger","Die Die Die"],"picked":"Adrenaline","floor":16},{"not_picked":["Backflip","Cloak And Dagger"],"picked":"PiercingWail","floor":18},{"not_picked":["Dodge and Roll","Setup+1","Flechettes"],"picked":"SKIP","floor":18},{"not_picked":["Bane","Prepared"],"picked":"PiercingWail+1","floor":20}],"player_experience":6070522,"relics_obtained":[{"floor":8,"key":"Meat on the Bone"},{"floor":9,"key":"Prayer Wheel"},{"floor":10,"key":"Peace Pipe"},{"floor":13,"key":"Ice Cream"},{"floor":19,"key":"Tiny Chest"},{"floor":20,"key":"Red Mask"}],"event_choices":[{"damage_healed":0,"gold_gain":0,"player_choice":"0 cards matched","damage_taken":0,"max_hp_gain":0,"max_hp_loss":0,"event_name":"Match and Keep!","floor":2,"gold_loss":0,"cards_obtained":[]},{"damage_healed":0,"gold_gain":50,"player_choice":"Touch","damage_taken":6,"max_hp_gain":0,"max_hp_loss":0,"event_name":"FaceTrader","floor":12,"gold_loss":0},{"damage_healed":0,"gold_gain":0,"player_choice":"Fought Bandits","damage_taken":0,"max_hp_gain":0,"max_hp_loss":0,"event_name":"Masked Bandits","floor":20,"gold_loss":0},{"damage_healed":0,"gold_gain":0,"player_choice":"Shed Blood","damage_taken":21,"max_hp_gain":5,"max_hp_loss":0,"event_name":"Forgotten Altar","floor":21,"gold_loss":0},{"damage_healed":0,"gold_gain":0,"player_choice":"Fight","damage_taken":0,"max_hp_gain":0,"max_hp_loss":0,"event_name":"Colosseum","floor":22,"gold_loss":0},{"damage_healed":0,"gold_gain":0,"player_choice":"Fought Nobs","damage_taken":0,"max_hp_gain":0,"max_hp_loss":0,"event_name":"Colosseum","floor":22,"gold_loss":0}],"is_beta":true,"boss_relics":[{"not_picked":["Orrery","Tiny House"],"picked":"Sozu"}],"items_purged_floors":[],"is_endless":false,"potions_floor_spawned":[4,10,13],"killed_by":"Colosseum Nobs","ascension_level":20}