{"gold_per_floor":[14,14,24,99,109,109,134,134,159,176,209,219,244,117,117,193,193,207,207,20,38,58,58,58],"floor_reached":24,"playtime":1356,"items_purged":["Strike_R","Strike_R"],"score":432,"play_id":"b32d1ba8-aca6-40a7-8e8c-45075393cb4d","local_time":"20190426172542","is_ascension_mode":true,"campfire_choices":[{"data":"Combust","floor":6,"key":"SMITH"},{"data":"Inflame","floor":8,"key":"SMITH"},{"data":"Strike_R","floor":15,"key":"PURGE"},{"data":"Demon Form","floor":23,"key":"SMITH"}],"neow_cost":"NO_GOLD","seed_source_timestamp":363828453112598,"circlet_count":0,"master_deck":["AscendersBane","Strike_R","Defend_R","Defend_R","Defend_R","Defend_R","Bash","Reaper","Feel No Pain","Carnage","Combust+1","Inflame+1","Feed","Metallicize","Shrug It Off","Demon Form+1","Corruption","True Grit","Battle Trance"],"relics":["Burning Blood","Blood Vial","Oddly Smooth Stone","Pantograph","Peace Pipe","Runic Dome"],"potions_floor_usage":[7,11,22,24],"damage_taken":[{"damage":2,"enemies":"2 Louse","floor":1,"turns":3},{"damage":9,"enemies":"Jaw Worm","floor":3,"turns":3},{"damage":0,"enemies":"Cultist","floor":5,"turns":2},{"damage":35,"enemies":"Gremlin Nob","floor":7,"turns":4},{"damage":15,"enemies":"Large Slime","floor":10,"turns":6},{"damage":15,"enemies":"3 Sentries","floor":11,"turns":6},{"damage":15,"enemies":"2 Fungi Beasts","floor":12,"turns":4},{"damage":24,"enemies":"Lagavulin","floor":13,"turns":7},{"damage":59,"enemies":"The Guardian","floor":16,"turns":16},{"damage":42,"enemies":"Chosen","floor":18,"turns":9},{"damage":22,"enemies":"Spheric Guardian","floor":21,"turns":7},{"damage":19,"enemies":"Snecko","floor":22,"turns":6},{"damage":73,"enemies":"Book of Stabbing","floor":24,"turns":6}],"seed_played":"-8984889674202327681","potions_obtained":[{"floor":1,"key":"LiquidBronze"},{"floor":3,"key":"BloodPotion"},{"floor":10,"key":"EssenceOfSteel"},{"floor":12,"key":"Regen Potion"}],"is_trial":false,"path_per_floor":["M","?","M","?","M","R","E","R","T","M","E","M","E","$","R","B",null,"M","?","$","M","M","R","E"],"character_chosen":"IRONCLAD","items_purchased":["Shrug It Off","Corruption"],"campfire_rested":0,"item_purchase_floors":[14,20],"current_hp_per_floor":[75,75,72,61,67,67,49,49,49,56,70,73,64,64,64,35,70,51,51,51,37,55,55,0],"gold":58,"neow_bonus":"THREE_RARE_CARDS","is_prod":false,"is_daily":false,"chose_seed":false,"campfire_upgraded":3,"win_rate":0,"timestamp":1556324742,"path_taken":["M","?","M","?","M","R","E","R","T","M","E","M","E","$","R","BOSS","M","?","$","?","M","R","E"],"build_version":"2019-04-23","purchased_purges":2,"victory":false,"max_hp_per_floor":[75,75,75,75,75,75,75,75,75,75,75,78,78,78,78,81,81,84,84,84,84,84,84,84],"card_choices":[{"not_picked":["Bludgeon","Exhume"],"picked":"Reaper","floor":0},{"not_picked":["Reckless Charge","Evolve"],"picked":"Feel No Pain","floor":1},{"not_picked":["Heavy Blade","Warcry"],"picked":"Carnage","floor":3},{"not_picked":["Clash","Dual Wield"],"picked":"Combust","floor":5},{"not_picked":["Armaments","Clash"],"picked":"Inflame","floor":7},{"not_picked":["Cleave","Clash","Carnage"],"picked":"SKIP","floor":10},{"not_picked":["Cleave","Armaments"],"picked":"Feed","floor":11},{"not_picked":["Perfected Strike","Clothesline"],"picked":"Metallicize","floor":12},{"not_picked":["Rage","Clothesline","Clash"],"picked":"SKIP","floor":13},{"not_picked":["Berserk","Dark Embrace"],"picked":"Demon Form","floor":16},{"not_picked":["Hemokinesis","Body Slam","Wild Strike+1"],"picked":"SKIP","floor":18},{"not_picked":["Rage","Bloodletting"],"picked":"True Grit","floor":21},{"not_picked":["Perfected Strike","Intimidate"],"picked":"Battle Trance","floor":22}],"player_experience":5889605,"relics_obtained":[{"floor":7,"key":"Blood Vial"},{"floor":9,"key":"Oddly Smooth Stone"},{"floor":11,"key":"Pantograph"},{"floor":13,"key":"Peace Pipe"}],"event_choices":[{"damage_healed":0,"gold_gain":0,"player_choice":"Ignored","damage_taken":0,"max_hp_gain":0,"max_hp_loss":0,"event_name":"Liars Game","floor":2,"gold_loss":0},{"damage_healed":0,"gold_gain":75,"player_choice":"Gather Gold","damage_taken":11,"max_hp_gain":0,"max_hp_loss":0,"event_name":"World of Goop","floor":4,"gold_loss":0},{"cards_removed":["Strike_R"],"damage_healed":0,"gold_gain":0,"player_choice":"Offered Basic","damage_taken":0,"max_hp_gain":0,"max_hp_loss":0,"event_name":"Bonfire Elementals","floor":19,"gold_loss":0}],"is_beta":true,"boss_relics":[{"not_picked":["Orrery","Tiny House"],"picked":"Runic Dome"}],"items_purged_floors":[14,20],"is_endless":false,"potions_floor_spawned":[1,3,10,12,21],"killed_by":"Book of Stabbing","ascension_level":20}