{"gold_per_floor":[216,141,141,158,158,158,185,185,210,251,263,296,308,382,394,483,495,495,495,495,38,38,38,38,38,38,38,38,38,38,38,38,38,38,38,0,0,0,0,0,0,0,0,0,0,0,0,0,0,0,0,0,0,0,0,0],"floor_reached":57,"playtime":3340,"items_purged":["Strike_R"],"score":2985,"play_id":"f4911939-700e-47c2-8c29-cd0a8a46e63f","local_time":"20190428152133","is_ascension_mode":true,"campfire_choices":[{"data":"Uppercut","floor":6,"key":"SMITH"},{"data":"Demon Form","floor":8,"key":"SMITH"},{"data":"Flame Barrier","floor":11,"key":"SMITH"},{"floor":13,"key":"REST"},{"data":"Sword Boomerang","floor":15,"key":"SMITH"},{"data":"True Grit","floor":25,"key":"SMITH"},{"floor":27,"key":"REST"},{"data":"Feel No Pain","floor":32,"key":"SMITH"},{"floor":41,"key":"RECALL"},{"data":"Corruption","floor":49,"key":"SMITH"},{"data":"Flame Barrier","floor":53,"key":"SMITH"}],"neow_cost":"NONE","seed_source_timestamp":92001528951105,"circlet_count":0,"master_deck":["AscendersBane","Strike_R","Defend_R","Defend_R","Defend_R","Defend_R","Bash","Pommel Strike","Uppercut+1","Demon Form+1","Flame Barrier+1","Sword Boomerang+1","Ghostly Armor","Battle Trance+1","True Grit+1","Feel No Pain+1","True Grit","Evolve","Whirlwind+1","Reaper","Corruption+1","Flame Barrier+1","Pummel+1","Shrug It Off","Metallicize","Feel No Pain+1","Heavy Blade"],"relics":["Burning Blood","Torii","Regal Pillow","MawBank","Pantograph","Odd Mushroom","Tiny Chest","Ectoplasm","Bag of Preparation","PreservedInsect","Lantern","WingedGreaves","Cursed Key","Red Mask","Bird Faced Urn","Matryoshka","Bronze Scales","Dream Catcher","Red Skull","Question Card","Mummified Hand","Ornamental Fan"],"potions_floor_usage":[10,10,28,37,55,56,56],"damage_taken":[{"damage":14,"enemies":"Jaw Worm","floor":1,"turns":5},{"damage":0,"enemies":"Small Slimes","floor":4,"turns":4},{"damage":30,"enemies":"Gremlin Nob","floor":7,"turns":4},{"damage":24,"enemies":"3 Sentries","floor":10,"turns":7},{"damage":25,"enemies":"The Mushroom Lair","floor":12,"turns":5},{"damage":0,"enemies":"Lagavulin","floor":14,"turns":4},{"damage":15,"enemies":"Hexaghost","floor":16,"turns":7},{"damage":6,"enemies":"3 Byrds","floor":18,"turns":3},{"damage":11,"enemies":"Shell Parasite","floor":20,"turns":6},{"damage":31,"enemies":"Slavers","floor":23,"turns":6},{"damage":19,"enemies":"Snecko","floor":24,"turns":6},{"damage":7,"enemies":"Snake Plant","floor":28,"turns":5},{"damage":18,"enemies":"Book of Stabbing","floor":29,"turns":4},{"damage":7,"enemies":"Centurion and Healer","floor":31,"turns":7},{"damage":56,"enemies":"Collector","floor":33,"turns":8},{"damage":1,"enemies":"3 Shapes","floor":35,"turns":6},{"damage":39,"enemies":"2 Orb Walkers","floor":37,"turns":5},{"damage":17,"enemies":"Orb Walker","floor":38,"turns":5},{"damage":26,"enemies":"Spire Growth","floor":39,"turns":5},{"damage":25,"enemies":"Giant Head","floor":40,"turns":6},{"damage":1,"enemies":"Nemesis","floor":42,"turns":5},{"damage":0,"enemies":"Giant Head","floor":44,"turns":5},{"damage":44,"enemies":"Reptomancer","floor":46,"turns":6},{"damage":1,"enemies":"Nemesis","floor":47,"turns":7},{"damage":72,"enemies":"Reptomancer","floor":48,"turns":6},{"damage":20,"enemies":"Time Eater","floor":50,"turns":9},{"damage":49,"enemies":"Donu and Deca","floor":51,"turns":7},{"damage":41,"enemies":"Shield and Spear","floor":55,"turns":6},{"damage":51,"enemies":"The Heart","floor":56,"turns":7}],"seed_played":"-6243366572341322075","potions_obtained":[{"floor":4,"key":"Explosive Potion"},{"floor":7,"key":"Regen Potion"},{"floor":14,"key":"Weak Potion"},{"floor":24,"key":"Fruit Juice"},{"floor":28,"key":"Weak Potion"},{"floor":38,"key":"Weak Potion"},{"floor":40,"key":"SmokeBomb"},{"floor":42,"key":"Strength Potion"},{"floor":55,"key":"Weak Potion"}],"is_trial":false,"path_per_floor":["M","?","?","M","?","R","E","R","T","E","R","?","R","E","R","B",null,"M","?","M","$","?","E","M","R","T","R","M","E","?","M","R","B",null,"M","?","?","M","M","E","R","E","T","E","?","E","E","E","R","B","B",null,"R","$","E","B",null],"character_chosen":"IRONCLAD","items_purchased":["Bag of Preparation","PreservedInsect","PowerPotion"],"campfire_rested":2,"item_purchase_floors":[21,21,21],"current_hp_per_floor":[60,60,55,61,66,66,42,42,42,39,39,20,59,65,65,71,78,78,78,73,73,73,48,35,35,35,74,78,66,66,65,65,35,73,85,85,52,51,56,74,74,85,85,85,85,78,85,44,44,67,85,85,85,85,74,44],"gold":0,"neow_bonus":"HUNDRED_GOLD","is_prod":false,"is_daily":false,"chose_seed":false,"campfire_upgraded":8,"win_rate":0,"timestamp":1556490093,"path_taken":["M","?","?","M","?","R","E","R","T","E","R","?","R","E","R","BOSS","M","?","M","$","?","E","M","R","T","R","?","E","?","?","R","BOSS","M","?","?","M","M","E","R","E","T","E","?","E","E","E","R","BOSS","BOSS","R","$","E","BOSS"],"build_version":"2019-04-23","purchased_purges":1,"victory":true,"max_hp_per_floor":[75,75,75,75,80,80,80,80,80,80,80,80,80,80,80,80,80,80,80,80,80,80,80,80,80,80,80,85,85,85,85,85,85,85,85,85,85,85,85,85,85,85,85,85,85,85,85,85,85,85,85,85,85,85,85,85],"card_choices":[{"not_picked":["Havoc","Heavy Blade"],"picked":"Pommel Strike","floor":1},{"not_picked":["Clothesline","Second Wind"],"picked":"Uppercut","floor":4},{"not_picked":["Dropkick","Intimidate"],"picked":"Demon Form","floor":7},{"not_picked":["Clash","Shrug It Off"],"picked":"Flame Barrier","floor":10},{"not_picked":["Burning Pact","Perfected Strike"],"picked":"Sword Boomerang","floor":12},{"not_picked":["Body Slam","Reckless Charge","Cleave"],"picked":"SKIP","floor":14},{"not_picked":["Carnage","Thunderclap"],"picked":"Ghostly Armor","floor":18},{"not_picked":["Clothesline","Second Wind"],"picked":"True Grit","floor":20},{"not_picked":["Shrug It Off","Thunderclap"],"picked":"Feel No Pain","floor":23},{"not_picked":["Pommel Strike","Armaments","Thunderclap"],"picked":"SKIP","floor":24},{"not_picked":["Cleave","Clash"],"picked":"True Grit","floor":28},{"not_picked":["Twin Strike","Double Tap","Hemokinesis"],"picked":"SKIP","floor":29},{"not_picked":["Clothesline+1","Rampage"],"picked":"Whirlwind+1","floor":31},{"not_picked":["Bludgeon","Dark Embrace"],"picked":"Reaper","floor":33},{"not_picked":["Sword Boomerang","Intimidate","Bloodletting+1"],"picked":"SKIP","floor":35},{"not_picked":["Warcry","Perfected Strike","True Grit"],"picked":"SKIP","floor":38},{"not_picked":["Clothesline","Bloodletting","Clash"],"picked":"SKIP","floor":39},{"not_picked":["Iron Wave","Fire Breathing"],"picked":"Corruption","floor":40},{"not_picked":["Double Tap","Thunderclap+1"],"picked":"Flame Barrier","floor":42},{"not_picked":["Entrench+1","Rage"],"picked":"Pummel+1","floor":44},{"not_picked":["Hemokinesis","Combust"],"picked":"Shrug It Off","floor":46},{"not_picked":["Blood for Blood","Flex"],"picked":"Metallicize","floor":47},{"not_picked":["Metallicize","Entrench","Rupture"],"picked":"Feel No Pain+1","floor":48},{"not_picked":["Clash","Flex+1","Seeing Red"],"picked":"Heavy Blade","floor":55}],"player_experience":5923689,"relics_obtained":[{"floor":7,"key":"Regal Pillow"},{"floor":9,"key":"MawBank"},{"floor":10,"key":"Pantograph"},{"floor":12,"key":"Odd Mushroom"},{"floor":14,"key":"Tiny Chest"},{"floor":23,"key":"Lantern"},{"floor":29,"key":"WingedGreaves"},{"floor":37,"key":"Bird Faced Urn"},{"floor":40,"key":"Matryoshka"},{"floor":42,"key":"Bronze Scales"},{"floor":44,"key":"Dream Catcher"},{"floor":46,"key":"Red Skull"},{"floor":47,"key":"Question Card"},{"floor":48,"key":"Mummified Hand"},{"floor":55,"key":"Ornamental Fan"}],"event_choices":[{"cards_removed":["Strike_R"],"damage_healed":0,"gold_gain":0,"player_choice":"Card Removal","damage_taken":0,"max_hp_gain":0,"max_hp_loss":0,"event_name":"The Cleric","floor":2,"gold_loss":75},{"damage_healed":0,"gold_gain":0,"player_choice":"Success","damage_taken":5,"relics_obtained":["Torii"],"max_hp_gain":0,"max_hp_loss":0,"event_name":"Scrap Ooze","floor":3,"gold_loss":0},{"damage_healed":0,"gold_gain":0,"player_choice":"Donut","damage_taken":0,"max_hp_gain":5,"max_hp_loss":0,"event_name":"Big Fish","floor":5,"gold_loss":0},{"damage_healed":0,"gold_gain":0,"player_choice":"Fought Mushrooms","damage_taken":0,"max_hp_gain":0,"max_hp_loss":0,"event_name":"Mushrooms","floor":12,"gold_loss":0},{"damage_healed":0,"gold_gain":0,"player_choice":"Read","damage_taken":0,"max_hp_gain":0,"max_hp_loss":0,"event_name":"The Library","floor":19,"gold_loss":0,"cards_obtained":["Battle Trance"]},{"damage_healed":0,"gold_gain":0,"player_choice":"Upgraded","damage_taken":0,"max_hp_gain":0,"max_hp_loss":0,"event_name":"Upgrade Shrine","floor":22,"gold_loss":0,"cards_upgraded":["Battle Trance"]},{"damage_healed":0,"gold_gain":0,"cards_transformed":["Strike_R"],"player_choice":"Transformed","damage_taken":0,"max_hp_gain":0,"max_hp_loss":0,"event_name":"Transmorgrifier","floor":30,"gold_loss":0,"cards_obtained":["Evolve"]},{"damage_healed":0,"gold_gain":0,"player_choice":"Paid","damage_taken":0,"relics_obtained":["Red Mask"],"max_hp_gain":0,"max_hp_loss":0,"event_name":"Tomb of Lord Red Mask","floor":36,"gold_loss":38},{"damage_healed":0,"gold_gain":0,"player_choice":"Fight","damage_taken":0,"max_hp_gain":0,"max_hp_loss":0,"event_name":"Mysterious Sphere","floor":37,"gold_loss":0},{"cards_removed":["Strike_R"],"damage_healed":0,"gold_gain":0,"player_choice":"Purged","damage_taken":0,"max_hp_gain":0,"max_hp_loss":0,"event_name":"Purifier","floor":45,"gold_loss":0}],"is_beta":true,"boss_relics":[{"not_picked":["Philosopher\u0027s Stone","Runic Dome"],"picked":"Ectoplasm"},{"not_picked":["Lizard Tail","Black Blood"],"picked":"Cursed Key"}],"items_purged_floors":[21],"is_endless":false,"potions_floor_spawned":[4,7,14,24,28,31,38,40,42,46,55],"ascension_level":20}