{"gold_per_floor":[111,22,35,35,45,45,120,120,120,120,130,148,178,189,189,266,266,286,286,43,55,74,104,117,134,159,169,169,182,182,217,217,294,294,314,324,6,18,18,49,0,34,58,83,83,113,1,16,16,16],"floor_reached":50,"playtime":2431,"items_purged":["Defend_R"],"score":1283,"play_id":"1d74e873-c55f-44ab-993a-08a4a4fbf048","local_time":"20190427145324","is_ascension_mode":true,"campfire_choices":[{"data":"Perfected Strike","floor":6,"key":"SMITH"},{"floor":10,"key":"REST"},{"data":"Perfected Strike","floor":15,"key":"SMITH"},{"floor":28,"key":"REST"},{"data":"Bash","floor":32,"key":"SMITH"},{"floor":45,"key":"RECALL"},{"data":"Perfected Strike","floor":49,"key":"SMITH"}],"neow_cost":"NONE","seed_source_timestamp":4839543878201,"circlet_count":0,"master_deck":["AscendersBane","Strike_R","Strike_R","Strike_R","Strike_R+1","Strike_R","Defend_R","Defend_R","Defend_R","Bash+1","Wild Strike","Perfected Strike+1","Shrug It Off","Headbutt+1","Clothesline","Perfected Strike+1","Perfected Strike+1","Brutality","Pommel Strike","Perfected Strike+1","Impervious","Pommel Strike","Pommel Strike","Ghostly","Ghostly","Ghostly","Double Tap","Shrug It Off","PanicButton","PanicButton","Perfected Strike","Perfected Strike"],"relics":["Burning Blood","Omamori","Self Forming Clay","Art of War","Runic Dome","Bronze Scales","Potion Belt","Centennial Puzzle","Singing Bowl","Cursed Key","Torii","Bottled Tornado","Red Mask","Regal Pillow","Dream Catcher","Gremlin Horn"],"potions_floor_usage":[23,33,40,40,46,46],"damage_taken":[{"damage":7,"enemies":"Cultist","floor":1,"turns":4},{"damage":13,"enemies":"Small Slimes","floor":3,"turns":4},{"damage":4,"enemies":"Jaw Worm","floor":5,"turns":2},{"damage":11,"enemies":"Large Slime","floor":11,"turns":5},{"damage":0,"enemies":"3 Louse","floor":12,"turns":2},{"damage":25,"enemies":"Gremlin Nob","floor":13,"turns":4},{"damage":0,"enemies":"2 Fungi Beasts","floor":14,"turns":2},{"damage":18,"enemies":"Slime Boss","floor":16,"turns":6},{"damage":0,"enemies":"Spheric Guardian","floor":18,"turns":2},{"damage":9,"enemies":"3 Byrds","floor":21,"turns":3},{"damage":17,"enemies":"3 Cultists","floor":22,"turns":4},{"damage":15,"enemies":"Slavers","floor":23,"turns":3},{"damage":1,"enemies":"Snecko","floor":24,"turns":2},{"damage":3,"enemies":"Centurion and Healer","floor":25,"turns":4},{"damage":24,"enemies":"Snake Plant","floor":27,"turns":2},{"damage":0,"enemies":"Sentry and Sphere","floor":29,"turns":3},{"damage":18,"enemies":"Book of Stabbing","floor":31,"turns":3},{"damage":29,"enemies":"Collector","floor":33,"turns":6},{"damage":7,"enemies":"3 Shapes","floor":35,"turns":4},{"damage":3,"enemies":"3 Darklings","floor":36,"turns":3},{"damage":3,"enemies":"Sphere and 2 Shapes","floor":38,"turns":3},{"damage":28,"enemies":"Giant Head","floor":40,"turns":6},{"damage":7,"enemies":"Reptomancer","floor":42,"turns":4},{"damage":5,"enemies":"Nemesis","floor":44,"turns":5},{"damage":5,"enemies":"Giant Head","floor":46,"turns":6},{"damage":5,"enemies":"Transient","floor":48,"turns":6},{"damage":42,"enemies":"Donu and Deca","floor":50,"turns":7}],"seed_played":"7495662115539488446","potions_obtained":[{"floor":5,"key":"SpeedPotion"},{"floor":11,"key":"Fire Potion"},{"floor":14,"key":"EssenceOfSteel"},{"floor":16,"key":"PowerPotion"},{"floor":25,"key":"Dexterity Potion"},{"floor":31,"key":"SkillPotion"},{"floor":33,"key":"Block Potion"},{"floor":36,"key":"Regen Potion"},{"floor":44,"key":"Swift Potion"},{"floor":48,"key":"Dexterity Potion"}],"is_trial":false,"path_per_floor":["M","$","M","$","M","R","?","?","T","R","M","M","E","M","R","B",null,"M","?","$","M","M","E","M","M","T","M","R","M","?","E","R","B",null,"M","M","$","M","?","E","?","E","T","E","R","E","$","M","R","B"],"character_chosen":"IRONCLAD","items_purchased":["Perfected Strike","Shrug It Off","Bronze Scales","Torii","Perfected Strike","FearPotion"],"campfire_rested":2,"item_purchase_floors":[2,2,20,37,47,47],"current_hp_per_floor":[67,67,60,60,62,62,51,28,28,50,45,51,32,38,38,26,63,69,48,48,45,34,25,30,33,33,15,39,45,40,30,30,7,33,34,37,37,42,34,29,29,30,30,33,33,34,34,37,37,0],"gold":16,"neow_bonus":"RANDOM_COMMON_RELIC","is_prod":false,"is_daily":false,"chose_seed":false,"campfire_upgraded":4,"win_rate":0,"timestamp":1556402004,"path_taken":["M","$","M","?","M","R","?","?","T","R","M","M","E","?","R","BOSS","M","?","$","M","M","E","M","M","T","M","R","M","?","E","R","BOSS","M","M","$","M","?","E","?","E","T","E","R","E","?","M","R","BOSS"],"build_version":"2019-04-23","purchased_purges":1,"victory":false,"max_hp_per_floor":[75,75,75,75,75,75,75,75,75,75,75,75,75,75,75,75,75,75,80,80,80,80,80,80,80,80,80,80,80,40,42,42,42,42,44,44,44,46,48,50,50,52,52,54,54,54,54,56,56,56],"card_choices":[{"not_picked":["Flex","Sword Boomerang"],"picked":"Wild Strike","floor":1},{"not_picked":["Carnage","Dropkick"],"picked":"Headbutt","floor":3},{"not_picked":["Warcry","Havoc"],"picked":"Clothesline","floor":5},{"not_picked":["Entrench","Infernal Blade","Flex"],"picked":"SKIP","floor":11},{"not_picked":["Havoc","True Grit"],"picked":"Perfected Strike","floor":12},{"not_picked":["Fire Breathing","Flame Barrier"],"picked":"Perfected Strike","floor":13},{"not_picked":["Headbutt","Sword Boomerang","Clothesline"],"picked":"SKIP","floor":14},{"not_picked":["Exhume","Limit Break"],"picked":"Brutality","floor":16},{"not_picked":["Havoc","Infernal Blade"],"picked":"Pommel Strike","floor":18},{"not_picked":["Anger","Sword Boomerang","Dropkick"],"picked":"SKIP","floor":21},{"not_picked":["Berserk","Thunderclap"],"picked":"Perfected Strike+1","floor":22},{"not_picked":["Anger","Hemokinesis"],"picked":"Impervious","floor":23},{"not_picked":["Wild Strike","Infernal Blade"],"picked":"Pommel Strike","floor":24},{"not_picked":["Twin Strike","True Grit","Hemokinesis"],"picked":"SKIP","floor":25},{"not_picked":["Iron Wave","Infernal Blade"],"picked":"Pommel Strike","floor":27},{"not_picked":["Sentinel","Thunderclap","Headbutt+1"],"picked":"SKIP","floor":29},{"not_picked":["Headbutt","Feel No Pain","Body Slam"],"picked":"Singing Bowl","floor":31},{"not_picked":["Demon Form","Reaper"],"picked":"Double Tap","floor":33},{"not_picked":["Corruption","Headbutt+1","Cleave+1"],"picked":"Singing Bowl","floor":35},{"not_picked":["True Grit+1","Dual Wield"],"picked":"Shrug It Off","floor":36},{"not_picked":["True Grit","Searing Blow+1","Body Slam"],"picked":"Singing Bowl","floor":38},{"not_picked":["Mind Blast","Madness","Secret Technique"],"picked":"Singing Bowl","floor":39},{"not_picked":["Forethought","Master of Strategy"],"picked":"PanicButton","floor":39},{"not_picked":["Madness","Trip"],"picked":"PanicButton","floor":39},{"not_picked":["Cleave","Havoc","Power Through"],"picked":"Singing Bowl","floor":40},{"not_picked":["Feed","Clash","Thunderclap"],"picked":"Singing Bowl","floor":42},{"not_picked":["Dropkick+1","Uppercut","Armaments"],"picked":"Singing Bowl","floor":44},{"not_picked":["True Grit+1","Flex"],"picked":"Perfected Strike","floor":46},{"not_picked":["Sword Boomerang","True Grit","Clothesline"],"picked":"Singing Bowl","floor":48}],"player_experience":5895663,"relics_obtained":[{"floor":9,"key":"Self Forming Clay"},{"floor":13,"key":"Art of War"},{"floor":23,"key":"Potion Belt"},{"floor":26,"key":"Centennial Puzzle"},{"floor":31,"key":"Singing Bowl"},{"floor":40,"key":"Bottled Tornado"},{"floor":42,"key":"Regal Pillow"},{"floor":44,"key":"Dream Catcher"},{"floor":46,"key":"Gremlin Horn"}],"event_choices":[{"damage_healed":0,"gold_gain":75,"player_choice":"Gather Gold","damage_taken":11,"max_hp_gain":0,"max_hp_loss":0,"event_name":"World of Goop","floor":7,"gold_loss":0},{"damage_healed":0,"gold_gain":0,"player_choice":"Entered Light","damage_taken":23,"max_hp_gain":0,"max_hp_loss":0,"event_name":"Shining Light","floor":8,"gold_loss":0,"cards_upgraded":["Headbutt","Strike_R"]},{"damage_healed":0,"gold_gain":0,"player_choice":"Shed Blood","damage_taken":26,"max_hp_gain":5,"max_hp_loss":0,"event_name":"Forgotten Altar","floor":19,"gold_loss":0},{"damage_healed":0,"gold_gain":0,"player_choice":"Became a Ghost","damage_taken":0,"max_hp_gain":0,"max_hp_loss":40,"event_name":"Ghosts","floor":30,"gold_loss":0,"cards_obtained":["Ghostly","Ghostly","Ghostly"]},{"damage_healed":0,"gold_gain":0,"player_choice":"Memory 3","damage_taken":10,"max_hp_gain":0,"max_hp_loss":0,"event_name":"SensoryStone","floor":39,"gold_loss":0},{"damage_healed":0,"gold_gain":0,"player_choice":"Paid","damage_taken":0,"relics_obtained":["Red Mask"],"max_hp_gain":0,"max_hp_loss":0,"event_name":"Tomb of Lord Red Mask","floor":41,"gold_loss":49}],"is_beta":true,"boss_relics":[{"not_picked":["Astrolabe","Eternal Feather"],"picked":"Runic Dome"},{"not_picked":["Orrery","Fusion Hammer"],"picked":"Cursed Key"}],"items_purged_floors":[20],"is_endless":false,"potions_floor_spawned":[5,11,14,16,22,25,31,33,36,44,48],"killed_by":"Donu and Deca","ascension_level":20}