{"gold_per_floor":[369,369,29,39,59,88,100,135,160,4,4,33,49,66,66,144,144,158,158,33,33,115,147,147,172,196,230,240,258,290,290,290,290],"floor_reached":33,"playtime":1721,"items_purged":["Strike_R","Strike_R","Doubt"],"score":811,"play_id":"0ae221ff-5e06-4b8c-992c-3fd16b485b68","local_time":"20190501012616","is_ascension_mode":true,"campfire_choices":[{"floor":11,"key":"REST"},{"data":"Disarm","floor":15,"key":"SMITH"},{"data":"Feed","floor":24,"key":"SMITH"},{"data":"True Grit","floor":32,"key":"SMITH"}],"neow_cost":"PERCENT_DAMAGE","seed_source_timestamp":56337991944990,"circlet_count":0,"master_deck":["AscendersBane","Defend_R","Defend_R","Defend_R","Defend_R","Bash","Pommel Strike+1","Inflame","Anger","Sword Boomerang","Disarm+1","Shrug It Off","Fiend Fire","Feel No Pain","True Grit+1","Spot Weakness","Feed+1","Feel No Pain","Bite","Bite","Bite","Bite","Bite","Corruption","Writhe"],"relics":["Burning Blood","Bronze Scales","Dodecahedron","Lantern","Whetstone","PreservedInsect","Busted Crown","Matryoshka","Question Card","Smiling Mask","Centennial Puzzle","Bag of Preparation","Blue Candle","Orichalcum","Incense Burner"],"potions_floor_usage":[6,6,8,12,25,27],"damage_taken":[{"damage":9,"enemies":"Jaw Worm","floor":1,"turns":5},{"damage":0,"enemies":"Cultist","floor":4,"turns":3},{"damage":5,"enemies":"Small Slimes","floor":5,"turns":3},{"damage":10,"enemies":"Lagavulin","floor":6,"turns":5},{"damage":34,"enemies":"Exordium Thugs","floor":7,"turns":5},{"damage":19,"enemies":"Gremlin Nob","floor":8,"turns":4},{"damage":13,"enemies":"Lagavulin","floor":12,"turns":6},{"damage":0,"enemies":"Looter","floor":13,"turns":2},{"damage":3,"enemies":"Blue Slaver","floor":14,"turns":4},{"damage":0,"enemies":"The Guardian","floor":16,"turns":10},{"damage":0,"enemies":"3 Byrds","floor":18,"turns":5},{"damage":18,"enemies":"Gremlin Leader","floor":23,"turns":5},{"damage":12,"enemies":"Book of Stabbing","floor":25,"turns":5},{"damage":20,"enemies":"Slavers","floor":27,"turns":3},{"damage":4,"enemies":"Spheric Guardian","floor":28,"turns":3},{"damage":12,"enemies":"Snecko","floor":29,"turns":5},{"damage":45,"enemies":"Book of Stabbing","floor":30,"turns":6},{"damage":68,"enemies":"Champ","floor":33,"turns":15}],"seed_played":"38720723201673541","potions_obtained":[{"floor":4,"key":"Weak Potion"},{"floor":6,"key":"PowerPotion"},{"floor":8,"key":"Explosive Potion"},{"floor":13,"key":"LiquidBronze"},{"floor":29,"key":"Strength Potion"}],"is_trial":false,"path_per_floor":["M","?","$","M","M","E","M","E","T","$","R","E","M","M","R","B",null,"M","?","$","?","T","E","R","E","T","E","M","M","E","?","R","B"],"character_chosen":"IRONCLAD","items_purchased":["Inflame","Bronze Scales","AttackPotion","Poison Potion"],"campfire_rested":1,"item_purchase_floors":[3,3,3,10],"current_hp_per_floor":[47,47,47,53,54,50,22,9,9,9,31,24,30,33,33,39,66,75,75,75,54,54,50,50,52,52,46,58,56,25,25,25,0],"gold":290,"neow_bonus":"TWO_FIFTY_GOLD","is_prod":false,"is_daily":false,"chose_seed":false,"campfire_upgraded":3,"win_rate":0,"timestamp":1556699176,"path_taken":["M","?","?","M","?","E","M","E","T","$","R","E","M","M","R","BOSS","M","?","?","?","?","E","R","E","T","E","M","M","E","?","R","BOSS"],"build_version":"2019-04-23","purchased_purges":3,"victory":false,"max_hp_per_floor":[75,75,75,75,75,75,75,75,75,75,75,75,75,75,75,75,75,78,78,78,54,54,54,54,54,54,58,58,62,62,62,62,62],"card_choices":[{"not_picked":["Clash","Sentinel"],"picked":"Pommel Strike","floor":1},{"not_picked":["Armaments","Feel No Pain"],"picked":"Anger","floor":4},{"not_picked":["Iron Wave","Double Tap"],"picked":"Sword Boomerang","floor":5},{"not_picked":["Rampage","Flex"],"picked":"Disarm","floor":6},{"not_picked":["Cleave","Bloodletting"],"picked":"Shrug It Off","floor":7},{"not_picked":["Sword Boomerang","Body Slam"],"picked":"Fiend Fire","floor":8},{"not_picked":["Burning Pact","Anger"],"picked":"Feel No Pain","floor":12},{"not_picked":["Armaments","Inflame"],"picked":"True Grit","floor":13},{"not_picked":["Perfected Strike","Shrug It Off"],"picked":"Spot Weakness","floor":14},{"not_picked":["Berserk","Exhume"],"picked":"Feed","floor":16},{"not_picked":[],"picked":"Feel No Pain","floor":18},{"not_picked":["Inflame"],"picked":"SKIP","floor":23},{"not_picked":["Headbutt","Sword Boomerang"],"picked":"SKIP","floor":25},{"not_picked":["Anger","Spot Weakness"],"picked":"SKIP","floor":27},{"not_picked":["Twin Strike","Anger"],"picked":"SKIP","floor":28},{"not_picked":["Sword Boomerang","Warcry"],"picked":"SKIP","floor":29},{"not_picked":["Fiend Fire"],"picked":"Corruption","floor":30}],"player_experience":6012004,"relics_obtained":[{"floor":6,"key":"Dodecahedron"},{"floor":8,"key":"Lantern"},{"floor":9,"key":"Whetstone"},{"floor":12,"key":"PreservedInsect"},{"floor":22,"key":"Matryoshka"},{"floor":23,"key":"Question Card"},{"floor":25,"key":"Smiling Mask"},{"floor":26,"key":"Centennial Puzzle"},{"floor":26,"key":"Bag of Preparation"},{"floor":27,"key":"Blue Candle"},{"floor":30,"key":"Orichalcum"}],"event_choices":[{"cards_removed":["Strike_R"],"damage_healed":0,"gold_gain":0,"player_choice":"Offered Basic","damage_taken":0,"max_hp_gain":0,"max_hp_loss":0,"event_name":"Bonfire Elementals","floor":2,"gold_loss":0},{"damage_healed":0,"gold_gain":0,"player_choice":"1 cards matched","damage_taken":0,"max_hp_gain":0,"max_hp_loss":0,"event_name":"Match and Keep!","floor":19,"gold_loss":0,"cards_obtained":["Doubt"]},{"damage_healed":0,"gold_gain":0,"player_choice":"Became a vampire","damage_taken":0,"max_hp_gain":0,"max_hp_loss":24,"event_name":"Vampires","floor":21,"gold_loss":0,"cards_obtained":["Bite","Bite","Bite","Bite","Bite"]},{"damage_healed":0,"gold_gain":0,"player_choice":"Opened","damage_taken":0,"relics_obtained":["Incense Burner"],"max_hp_gain":0,"max_hp_loss":0,"event_name":"The Mausoleum","floor":31,"gold_loss":0,"cards_obtained":["Writhe"]}],"is_beta":true,"boss_relics":[{"not_picked":["Empty Cage","Lizard Tail"],"picked":"Busted Crown"}],"items_purged_floors":[3,10,20],"is_endless":false,"potions_floor_spawned":[4,6,8,13,14,18,29],"killed_by":"Champ","ascension_level":20}