{"gold_per_floor":[111,186,186,199,209,209,244,244,271,299,299,299,44,80,80,80],"floor_reached":16,"playtime":1059,"items_purged":["Strike_R"],"score":232,"play_id":"c0e658d2-975e-438a-a15c-2a1b7fca795e","local_time":"20190429215007","is_ascension_mode":true,"campfire_choices":[{"data":"Combust","floor":6,"key":"SMITH"},{"data":"True Grit","floor":8,"key":"SMITH"},{"floor":15,"key":"REST"}],"neow_cost":"PERCENT_DAMAGE","seed_source_timestamp":204020893455524,"circlet_count":0,"master_deck":["AscendersBane","Strike_R","Strike_R","Strike_R","Defend_R","Defend_R","Defend_R","Defend_R","Bash","Reaper","Combust+1","Thunderclap","True Grit+1","Shrug It Off","Inflame","Exhume","Twin Strike"],"relics":["Burning Blood","Art of War","Dream Catcher","Du-Vu Doll","Golden Idol","Ornamental Fan"],"potions_floor_usage":[7,14,14],"damage_taken":[{"damage":10,"enemies":"2 Louse","floor":1,"turns":3},{"damage":11,"enemies":"Jaw Worm","floor":4,"turns":5},{"damage":10,"enemies":"Small Slimes","floor":5,"turns":5},{"damage":23,"enemies":"Gremlin Nob","floor":7,"turns":4},{"damage":20,"enemies":"3 Sentries","floor":10,"turns":6},{"damage":38,"enemies":"Lagavulin","floor":14,"turns":8},{"damage":38,"enemies":"Slime Boss","floor":16,"turns":3}],"seed_played":"-4686638807349799769","potions_obtained":[{"floor":1,"key":"Fire Potion"},{"floor":5,"key":"Block Potion"},{"floor":7,"key":"Ancient Potion"},{"floor":10,"key":"LiquidBronze"}],"is_trial":false,"path_per_floor":["M","?","?","M","M","R","E","R","T","E","?","?","$","E","R","B"],"character_chosen":"IRONCLAD","items_purchased":["Exhume"],"campfire_rested":1,"item_purchase_floors":[13],"current_hp_per_floor":[54,43,43,40,46,46,33,33,33,31,31,24,24,9,29,0],"gold":80,"neow_bonus":"THREE_RARE_CARDS","is_prod":false,"is_daily":false,"chose_seed":false,"campfire_upgraded":2,"win_rate":0,"timestamp":1556599807,"path_taken":["M","?","?","M","?","R","E","R","T","E","?","?","$","E","R","BOSS"],"build_version":"2019-04-23","purchased_purges":1,"victory":false,"max_hp_per_floor":[75,75,75,75,75,75,75,75,75,75,68,68,68,68,68,68],"card_choices":[{"not_picked":["Dark Embrace","Exhume"],"picked":"Reaper","floor":0},{"not_picked":["Wild Strike","Corruption"],"picked":"Combust","floor":1},{"not_picked":["Warcry","Evolve"],"picked":"Thunderclap","floor":4},{"not_picked":["Clash","Cleave"],"picked":"True Grit","floor":5},{"not_picked":["Rage","Rupture"],"picked":"Shrug It Off","floor":7},{"not_picked":["Feel No Pain","Blood for Blood"],"picked":"Inflame","floor":10},{"not_picked":["Body Slam","Headbutt","Blood for Blood"],"picked":"SKIP","floor":14},{"not_picked":["Thunderclap","Burning Pact"],"picked":"Twin Strike","floor":15}],"player_experience":5980238,"relics_obtained":[{"floor":7,"key":"Art of War"},{"floor":9,"key":"Dream Catcher"},{"floor":10,"key":"Du-Vu Doll"},{"floor":14,"key":"Ornamental Fan"}],"event_choices":[{"damage_healed":0,"gold_gain":75,"player_choice":"Gather Gold","damage_taken":11,"max_hp_gain":0,"max_hp_loss":0,"event_name":"World of Goop","floor":2,"gold_loss":0},{"damage_healed":0,"gold_gain":0,"player_choice":"Ignored","damage_taken":0,"max_hp_gain":0,"max_hp_loss":0,"event_name":"Liars Game","floor":3,"gold_loss":0},{"damage_healed":0,"gold_gain":0,"player_choice":"Lose Max HP","damage_taken":0,"relics_obtained":["Golden Idol"],"max_hp_gain":0,"max_hp_loss":7,"event_name":"Golden Idol","floor":11,"gold_loss":0},{"cards_removed":["Strike_R"],"damage_healed":0,"gold_gain":0,"player_choice":"Card Removal","damage_taken":7,"max_hp_gain":0,"max_hp_loss":0,"event_name":"Golden Wing","floor":12,"gold_loss":0}],"is_beta":true,"boss_relics":[],"items_purged_floors":[13],"is_endless":false,"potions_floor_spawned":[1,5,7,10],"killed_by":"Slime Boss","ascension_level":20}