{"gold_per_floor":[214,230,245,259,276,276,308,308,308,12,23,58,58,86,86,158,158,169,195,42,42,58,87,107,107,107,122,122,155,155,165,165,240,240,260,59,70,70,89,89,116,133,133,146,63,63,63,78,78,78],"floor_reached":50,"playtime":3394,"items_purged":["Strike_G","Strike_G"],"score":1243,"play_id":"6ffd751a-e300-4a50-922f-3e4e196ad221","local_time":"20190429015204","is_ascension_mode":true,"campfire_choices":[{"data":"Noxious Fumes","floor":6,"key":"SMITH"},{"floor":8,"key":"REST"},{"floor":15,"key":"REST"},{"floor":25,"key":"REST"},{"floor":28,"key":"REST"},{"data":"Catalyst","floor":30,"key":"SMITH"},{"data":"Catalyst","floor":32,"key":"SMITH"},{"data":"Footwork","floor":40,"key":"SMITH"},{"floor":47,"key":"REST"},{"floor":49,"key":"RECALL"}],"neow_cost":"NONE","seed_source_timestamp":129802789156740,"circlet_count":0,"master_deck":["AscendersBane","Defend_G","Defend_G","Defend_G","Defend_G","Defend_G","Survivor","Neutralize+1","Noxious Fumes+1","Quick Slash","PiercingWail","Backstab","Bouncing Flask","Well Laid Plans","Calculated Gamble","Die Die Die","Blur","Dodge and Roll","Catalyst+1","PiercingWail","Noxious Fumes","Backflip","Predator+1","Cloak And Dagger","Catalyst+1","Burst","Terror+1","Skewer+1","Glass Knife+1","Leg Sweep+1","Footwork+1","PiercingWail","Acrobatics","Escape Plan"],"relics":["Ring of the Snake","StoneCalendar","Mango","Oddly Smooth Stone","Mercury Hourglass","Thread and Needle","Sozu","Red Mask","Potion Belt","Strawberry","Astrolabe","Torii","Bottled Tornado","NlothsMask"],"potions_floor_usage":[3,5,12,14,24],"damage_taken":[{"damage":7,"enemies":"Cultist","floor":1,"turns":5},{"damage":11,"enemies":"2 Louse","floor":2,"turns":4},{"damage":7,"enemies":"Jaw Worm","floor":3,"turns":6},{"damage":2,"enemies":"3 Louse","floor":4,"turns":5},{"damage":20,"enemies":"Exordium Thugs","floor":5,"turns":6},{"damage":37,"enemies":"Lagavulin","floor":7,"turns":8},{"damage":12,"enemies":"Gremlin Gang","floor":11,"turns":6},{"damage":21,"enemies":"3 Sentries","floor":12,"turns":7},{"damage":2,"enemies":"Gremlin Nob","floor":14,"turns":3},{"damage":0,"enemies":"The Guardian","floor":16,"turns":9},{"damage":26,"enemies":"Chosen","floor":18,"turns":6},{"damage":12,"enemies":"Masked Bandits","floor":19,"turns":4},{"damage":6,"enemies":"2 Thieves","floor":22,"turns":4},{"damage":14,"enemies":"Book of Stabbing","floor":23,"turns":7},{"damage":0,"enemies":"Shelled Parasite and Fungi","floor":24,"turns":6},{"damage":0,"enemies":"3 Cultists","floor":27,"turns":5},{"damage":14,"enemies":"Gremlin Leader","floor":29,"turns":6},{"damage":0,"enemies":"Snake Plant","floor":31,"turns":5},{"damage":20,"enemies":"Automaton","floor":33,"turns":8},{"damage":1,"enemies":"3 Shapes","floor":35,"turns":5},{"damage":10,"enemies":"3 Darklings","floor":37,"turns":5},{"damage":0,"enemies":"Sphere and 2 Shapes","floor":39,"turns":6},{"damage":40,"enemies":"Reptomancer","floor":41,"turns":7},{"damage":0,"enemies":"4 Shapes","floor":42,"turns":6},{"damage":0,"enemies":"Maw","floor":44,"turns":6},{"damage":9,"enemies":"Sphere and 2 Shapes","floor":48,"turns":5},{"damage":46,"enemies":"Donu and Deca","floor":50,"turns":9}],"seed_played":"-4377384890122416975","potions_obtained":[{"floor":1,"key":"Regen Potion"},{"floor":4,"key":"Regen Potion"},{"floor":11,"key":"Poison Potion"},{"floor":14,"key":"Ancient Potion"}],"is_trial":false,"path_per_floor":["M","M","M","M","M","R","E","R","T","$","M","E","?","E","R","B",null,"M","?","$","?","M","E","M","R","T","M","R","E","R","M","R","B",null,"M","$","M","?","M","R","E","M","T","M","$","?","R","M","R","B"],"character_chosen":"THE_SILENT","items_purchased":["Well Laid Plans","Oddly Smooth Stone","FearPotion","Catalyst","Footwork","PiercingWail","Escape Plan"],"campfire_rested":5,"item_purchase_floors":[10,10,10,20,36,36,45],"current_hp_per_floor":[52,41,49,47,42,42,5,24,38,38,26,5,5,3,27,27,67,41,29,29,29,23,9,9,33,33,33,57,50,50,50,50,30,73,72,72,62,62,62,62,22,22,22,22,22,22,48,39,39,0],"gold":78,"neow_bonus":"HUNDRED_GOLD","is_prod":false,"is_daily":false,"chose_seed":false,"campfire_upgraded":4,"win_rate":0,"timestamp":1556527924,"path_taken":["M","M","?","?","?","R","E","R","T","$","M","E","?","E","R","BOSS","M","?","$","?","?","E","M","R","T","M","R","E","R","M","R","BOSS","M","$","?","?","M","R","E","M","T","?","?","?","R","M","R","BOSS"],"build_version":"2019-04-23","purchased_purges":2,"victory":false,"max_hp_per_floor":[66,66,66,66,66,66,66,66,80,80,80,80,80,80,80,80,80,80,80,80,80,80,80,80,80,80,80,80,87,87,87,87,87,87,87,87,87,87,87,87,87,87,87,87,87,87,87,87,87,87],"card_choices":[{"not_picked":["Caltrops","Backflip"],"picked":"Noxious Fumes","floor":1},{"not_picked":["Tactician","Deflect"],"picked":"Quick Slash","floor":2},{"not_picked":["Sucker Punch","Calculated Gamble"],"picked":"PiercingWail","floor":3},{"not_picked":["Masterful Stab","Infinite Blades","Calculated Gamble"],"picked":"SKIP","floor":4},{"not_picked":["Bane","Dagger Throw"],"picked":"Backstab","floor":5},{"not_picked":["Deflect","Bane"],"picked":"Bouncing Flask","floor":7},{"not_picked":["Doppelganger","Expertise"],"picked":"Calculated Gamble","floor":11},{"not_picked":["Riddle With Holes","Flying Knee","Blade Dance"],"picked":"SKIP","floor":12},{"not_picked":["Bouncing Flask","Concentrate","Quick Slash"],"picked":"SKIP","floor":14},{"not_picked":["Envenom","Unload"],"picked":"Die Die Die","floor":16},{"not_picked":["Quick Slash","Poisoned Stab"],"picked":"Blur","floor":18},{"not_picked":["Infinite Blades","Deflect"],"picked":"Dodge and Roll","floor":19},{"not_picked":["Underhanded Strike","Prepared"],"picked":"Noxious Fumes","floor":22},{"not_picked":["Dagger Throw","Deflect"],"picked":"Backflip","floor":23},{"not_picked":["Storm of Steel","Sucker Punch"],"picked":"Predator+1","floor":24},{"not_picked":["Outmaneuver","Caltrops"],"picked":"Cloak And Dagger","floor":27},{"not_picked":["Dagger Throw","Cloak And Dagger","Bullet Time"],"picked":"SKIP","floor":29},{"not_picked":["Heel Hook","Skewer"],"picked":"Catalyst","floor":31},{"not_picked":["Bullet Time","Phantasmal Killer"],"picked":"Burst","floor":33},{"not_picked":["Tactician","Deadly Poison+1"],"picked":"Leg Sweep+1","floor":35},{"not_picked":["Bouncing Flask","Expertise"],"picked":"Acrobatics","floor":37},{"not_picked":["Acrobatics","Sucker Punch+1","Predator"],"picked":"SKIP","floor":39},{"not_picked":["Masterful Stab","Dash","Bouncing Flask"],"picked":"SKIP","floor":41},{"not_picked":["Cloak And Dagger","Concentrate+1","Heel Hook+1"],"picked":"SKIP","floor":42},{"not_picked":["Flying Knee+1","Slice","Blur"],"picked":"SKIP","floor":44},{"not_picked":["Sucker Punch","Tactician","Terror+1"],"picked":"SKIP","floor":48}],"player_experience":5943534,"relics_obtained":[{"floor":7,"key":"StoneCalendar"},{"floor":9,"key":"Mango"},{"floor":12,"key":"Mercury Hourglass"},{"floor":14,"key":"Thread and Needle"},{"floor":19,"key":"Red Mask"},{"floor":23,"key":"Potion Belt"},{"floor":29,"key":"Strawberry"},{"floor":41,"key":"Torii"},{"floor":43,"key":"Bottled Tornado"}],"event_choices":[{"damage_healed":0,"gold_gain":0,"player_choice":"Grow","damage_taken":0,"max_hp_gain":0,"max_hp_loss":0,"event_name":"Living Wall","floor":13,"gold_loss":0,"cards_upgraded":["Neutralize"]},{"damage_healed":0,"gold_gain":0,"player_choice":"Fought Bandits","damage_taken":0,"max_hp_gain":0,"max_hp_loss":0,"event_name":"Masked Bandits","floor":19,"gold_loss":0},{"damage_healed":0,"gold_gain":0,"player_choice":"Copied","damage_taken":0,"max_hp_gain":0,"max_hp_loss":0,"event_name":"Duplicator","floor":21,"gold_loss":0,"cards_obtained":["PiercingWail"]},{"damage_healed":0,"gold_gain":0,"player_choice":"Got Potions","damage_taken":0,"max_hp_gain":0,"max_hp_loss":0,"event_name":"Lab","floor":38,"gold_loss":0},{"damage_healed":0,"gold_gain":0,"player_choice":"Trade","damage_taken":0,"relics_obtained":["NlothsMask"],"max_hp_gain":0,"max_hp_loss":0,"event_name":"FaceTrader","floor":46,"gold_loss":0}],"is_beta":true,"boss_relics":[{"not_picked":["Ectoplasm","Lizard Tail"],"picked":"Sozu"},{"not_picked":["Busted Crown","WristBlade"],"picked":"Astrolabe"}],"items_purged_floors":[20,36],"is_endless":false,"potions_floor_spawned":[1,4,11,14,18,22,24,33,35,48],"killed_by":"Donu and Deca","ascension_level":20}