{"gold_per_floor":[219,219,219,229,247,247,259,259,313,313,344,358,368,402,402,481,481,500,512,512,562,577,577,221,231,284,316,416,38,38,57,57,57],"floor_reached":33,"playtime":1635,"items_purged":["Strike_R","Strike_R"],"score":554,"play_id":"41b54fbe-121b-4605-b3ac-465b719fd0f9","local_time":"20190503234028","is_ascension_mode":true,"campfire_choices":[{"data":"Uppercut","floor":6,"key":"SMITH"},{"data":"Bash","floor":8,"key":"SMITH"},{"data":"Clothesline","floor":10,"key":"SMITH"},{"floor":15,"key":"REST"},{"data":"Fiend Fire","floor":23,"key":"SMITH"},{"data":"Ghostly","floor":30,"key":"SMITH"},{"data":"Ghostly","floor":32,"key":"SMITH"}],"neow_cost":"NONE","seed_source_timestamp":309276561378356,"circlet_count":0,"master_deck":["AscendersBane","Strike_R","Defend_R","Defend_R","Defend_R","Defend_R","Bash+1","Uppercut+1","Clothesline+1","Rampage","True Grit","Fiend Fire+1","Limit Break","Inflame","Ghostly+1","Ghostly+1","Ghostly","Disarm","Battle Trance+1","Feel No Pain","Metallicize"],"relics":["Burning Blood","Smiling Mask","Anchor","Juzu Bracelet","Empty Cage","Orichalcum","Bronze Scales","Pen Nib","Shovel","Pantograph","Vajra"],"potions_floor_usage":[11,18,19,19,27,33,33],"damage_taken":[{"damage":4,"enemies":"2 Louse","floor":1,"turns":4},{"damage":12,"enemies":"Small Slimes","floor":4,"turns":4},{"damage":7,"enemies":"Cultist","floor":5,"turns":4},{"damage":9,"enemies":"Blue Slaver","floor":7,"turns":4},{"damage":45,"enemies":"3 Sentries","floor":11,"turns":10},{"damage":0,"enemies":"2 Fungi Beasts","floor":12,"turns":3},{"damage":0,"enemies":"Looter","floor":13,"turns":3},{"damage":24,"enemies":"Gremlin Nob","floor":14,"turns":4},{"damage":36,"enemies":"The Guardian","floor":16,"turns":12},{"damage":7,"enemies":"Chosen","floor":18,"turns":4},{"damage":26,"enemies":"3 Byrds","floor":19,"turns":7},{"damage":28,"enemies":"Snecko","floor":22,"turns":6},{"damage":0,"enemies":"Centurion and Healer","floor":25,"turns":6},{"damage":9,"enemies":"Book of Stabbing","floor":27,"turns":5},{"damage":13,"enemies":"Colosseum Slavers","floor":28,"turns":5},{"damage":9,"enemies":"Colosseum Nobs","floor":28,"turns":6},{"damage":0,"enemies":"Snake Plant","floor":31,"turns":2},{"damage":87,"enemies":"Automaton","floor":33,"turns":6}],"seed_played":"-9044607203883519321","potions_obtained":[{"floor":1,"key":"Swift Potion"},{"floor":4,"key":"FearPotion"},{"floor":16,"key":"Fire Potion"},{"floor":18,"key":"Energy Potion"},{"floor":19,"key":"BloodPotion"},{"floor":22,"key":"Poison Potion"},{"floor":31,"key":"Ancient Potion"}],"is_trial":false,"path_per_floor":["M","?","?","M","M","R","M","R","T","R","E","M","M","E","R","B",null,"M","M","?","?","M","R","$","M","T","E","?","$","R","M","R","B"],"character_chosen":"IRONCLAD","items_purchased":["Orichalcum","Disarm","SteroidPotion","Vajra","Feel No Pain","Regen Potion"],"campfire_rested":1,"item_purchase_floors":[24,24,24,29,29,29],"current_hp_per_floor":[70,75,75,69,68,68,65,65,65,65,26,32,38,20,44,14,64,63,43,40,40,18,18,18,24,24,21,11,11,11,17,17,0],"gold":57,"neow_bonus":"HUNDRED_GOLD","is_prod":false,"is_daily":false,"chose_seed":false,"campfire_upgraded":6,"win_rate":0,"timestamp":1556952028,"path_taken":["M","?","?","M","M","R","M","R","T","R","E","M","M","E","R","BOSS","M","M","?","?","M","R","$","M","T","E","?","$","R","M","R","BOSS"],"build_version":"2019-04-23","purchased_purges":2,"victory":false,"max_hp_per_floor":[75,80,80,80,80,80,80,80,80,80,80,80,80,80,80,80,80,80,80,40,40,40,40,40,40,40,40,40,40,40,40,40,40],"card_choices":[{"not_picked":["Iron Wave","Perfected Strike"],"picked":"Uppercut","floor":1},{"not_picked":["Intimidate","Perfected Strike"],"picked":"Clothesline","floor":4},{"not_picked":["Flex","Ghostly Armor","Wild Strike"],"picked":"SKIP","floor":5},{"not_picked":["Twin Strike","Clothesline","Dual Wield"],"picked":"SKIP","floor":7},{"not_picked":["Armaments","Pummel"],"picked":"Rampage","floor":11},{"not_picked":["Perfected Strike","Havoc"],"picked":"True Grit","floor":12},{"not_picked":["Perfected Strike","Twin Strike","Seeing Red"],"picked":"SKIP","floor":13},{"not_picked":["Anger","Warcry"],"picked":"Fiend Fire","floor":14},{"not_picked":["Fiend Fire","Dark Embrace"],"picked":"Limit Break","floor":16},{"not_picked":["Twin Strike","Sword Boomerang","Bloodletting"],"picked":"SKIP","floor":18},{"not_picked":["Whirlwind+1","Heavy Blade"],"picked":"Inflame","floor":19},{"not_picked":["Uppercut","Body Slam","Warcry"],"picked":"SKIP","floor":22},{"not_picked":["Cleave","Limit Break"],"picked":"Battle Trance+1","floor":25},{"not_picked":["Rampage","Reckless Charge","Perfected Strike"],"picked":"SKIP","floor":27},{"not_picked":["Clothesline+1","Pommel Strike"],"picked":"Metallicize","floor":31}],"player_experience":6117229,"relics_obtained":[{"floor":9,"key":"Smiling Mask"},{"floor":11,"key":"Anchor"},{"floor":14,"key":"Juzu Bracelet"},{"floor":26,"key":"Bronze Scales"},{"floor":27,"key":"Pen Nib"},{"floor":28,"key":"Shovel"},{"floor":28,"key":"Pantograph"}],"event_choices":[{"damage_healed":0,"gold_gain":0,"player_choice":"Donut","damage_taken":0,"max_hp_gain":5,"max_hp_loss":0,"event_name":"Big Fish","floor":2,"gold_loss":0},{"damage_healed":0,"gold_gain":0,"player_choice":"Ignored","damage_taken":0,"max_hp_gain":0,"max_hp_loss":0,"event_name":"Liars Game","floor":3,"gold_loss":0},{"damage_healed":0,"gold_gain":0,"player_choice":"Became a Ghost","damage_taken":0,"max_hp_gain":0,"max_hp_loss":40,"event_name":"Ghosts","floor":20,"gold_loss":0,"cards_obtained":["Ghostly","Ghostly","Ghostly"]},{"damage_healed":0,"gold_gain":50,"player_choice":"Pray","damage_taken":0,"max_hp_gain":0,"max_hp_loss":0,"event_name":"Golden Shrine","floor":21,"gold_loss":0},{"damage_healed":0,"gold_gain":0,"player_choice":"Fight","damage_taken":0,"max_hp_gain":0,"max_hp_loss":0,"event_name":"Colosseum","floor":28,"gold_loss":0},{"damage_healed":0,"gold_gain":0,"player_choice":"Fought Nobs","damage_taken":0,"max_hp_gain":0,"max_hp_loss":0,"event_name":"Colosseum","floor":28,"gold_loss":0}],"is_beta":true,"boss_relics":[{"not_picked":["Eternal Feather","Black Blood"],"picked":"Empty Cage"}],"items_purged_floors":[24,29],"is_endless":false,"potions_floor_spawned":[1,4,16,18,19,22,31],"killed_by":"Automaton","ascension_level":20}