{"gold_per_floor":[212,3,3,19,19,19,19,19,88,122,122,151,162,179,179,253,253,263,99,149,149,162,193,108,108,153,166,166,0,25,35,35,108,108,122,222,234,234,251,251,281,301,301,321,321,180,180,212,212,212,212,212,212,50,85,85],"floor_reached":56,"playtime":4332,"items_purged":["Strike_B","Defend_B"],"score":2127,"play_id":"ba012099-5c60-4774-a731-6d451459138d","local_time":"20190429030424","is_ascension_mode":true,"campfire_choices":[{"data":"Doom and Gloom","floor":6,"key":"SMITH"},{"data":"Compile Driver","floor":8,"key":"SMITH"},{"data":"Static Discharge","floor":11,"key":"SMITH"},{"data":"Defend_B","floor":15,"key":"SMITH"},{"floor":25,"key":"REST"},{"floor":28,"key":"REST"},{"floor":32,"key":"REST"},{"data":"Strike_B","floor":40,"key":"PURGE"},{"floor":45,"key":"RECALL"},{"data":"Consume","floor":47,"key":"SMITH"},{"data":"Capacitor","floor":49,"key":"SMITH"},{"floor":53,"key":"REST"}],"neow_cost":"NONE","seed_source_timestamp":133205253133957,"circlet_count":0,"master_deck":["AscendersBane","Strike_B","Defend_B+1","Defend_B","Defend_B+1","Zap+1","Dualcast+1","Compile Driver+1","Doom and Gloom+1","Static Discharge+1","Undo","Multi-Cast","Glacier","Capacitor+1","Necronomicurse","Genetic Algorithm","Consume+1","Sunder","Echo Form","Chill","PanicButton","Bandage Up","Creative AI","Hologram+1","Glacier","Seek","Amplify"],"relics":["Cracked Core","OrangePellets","Mummified Hand","War Paint","Symbiotic Virus","Sozu","Necronomicon","Boot","Art of War","Bag of Preparation","Singing Bowl","Runic Pyramid","Peace Pipe","Omamori","Ornamental Fan","Sundial"],"potions_floor_usage":[10,14,23,56],"damage_taken":[{"damage":2,"enemies":"Jaw Worm","floor":1,"turns":3},{"damage":1,"enemies":"2 Louse","floor":4,"turns":2},{"damage":16,"enemies":"3 Sentries","floor":10,"turns":5},{"damage":25,"enemies":"Lagavulin","floor":12,"turns":4},{"damage":0,"enemies":"Cultist","floor":13,"turns":2},{"damage":6,"enemies":"Lots of Slimes","floor":14,"turns":3},{"damage":0,"enemies":"The Guardian","floor":16,"turns":9},{"damage":6,"enemies":"3 Byrds","floor":18,"turns":1},{"damage":7,"enemies":"2 Thieves","floor":22,"turns":3},{"damage":17,"enemies":"Book of Stabbing","floor":23,"turns":5},{"damage":5,"enemies":"Centurion and Healer","floor":27,"turns":3},{"damage":13,"enemies":"Slavers","floor":30,"turns":3},{"damage":1,"enemies":"Chosen and Byrds","floor":31,"turns":3},{"damage":16,"enemies":"Collector","floor":33,"turns":7},{"damage":2,"enemies":"3 Darklings","floor":35,"turns":3},{"damage":3,"enemies":"Mind Bloom Boss Battle","floor":36,"turns":5},{"damage":8,"enemies":"Orb Walker","floor":37,"turns":3},{"damage":15,"enemies":"4 Shapes","floor":39,"turns":4},{"damage":1,"enemies":"Nemesis","floor":41,"turns":7},{"damage":0,"enemies":"Maw","floor":42,"turns":6},{"damage":0,"enemies":"Spire Growth","floor":44,"turns":7},{"damage":0,"enemies":"Giant Head","floor":48,"turns":12},{"damage":28,"enemies":"Donu and Deca","floor":50,"turns":10},{"damage":26,"enemies":"Time Eater","floor":51,"turns":12},{"damage":0,"enemies":"Shield and Spear","floor":55,"turns":8},{"damage":99,"enemies":"The Heart","floor":56,"turns":11}],"seed_played":"-7613524948433716646","potions_obtained":[{"floor":4,"key":"SkillPotion"},{"floor":13,"key":"Regen Potion"},{"floor":14,"key":"SkillPotion"},{"floor":16,"key":"SkillPotion"}],"is_trial":false,"path_per_floor":["M","$","?","M","?","R","?","R","T","E","R","E","M","M","R","B",null,"M","$","?","?","M","E","?","R","T","M","R","$","E","M","R","B",null,"M","?","M","?","M","R","E","M","T","M","R","$","R","E","R","B","B",null,"R","$","E","B"],"character_chosen":"DEFECT","items_purchased":["OrangePellets","Capacitor","Consume","Sunder","Glacier","Seek"],"campfire_rested":4,"item_purchase_floors":[2,19,29,29,46,54],"current_hp_per_floor":[62,62,62,61,66,66,66,66,66,50,50,25,25,28,28,28,64,58,58,58,37,30,13,13,35,35,30,52,52,41,42,66,50,73,73,72,64,56,49,49,58,66,66,72,72,72,72,82,82,58,36,78,92,92,92,0],"gold":85,"neow_bonus":"HUNDRED_GOLD","is_prod":false,"is_daily":false,"chose_seed":false,"campfire_upgraded":6,"win_rate":0,"timestamp":1556532264,"path_taken":["M","$","?","M","?","R","?","R","T","E","R","E","?","M","R","BOSS","M","?","?","?","M","E","?","R","T","M","R","?","E","M","R","BOSS","M","?","M","?","M","R","E","M","T","M","R","$","R","E","R","BOSS","BOSS","R","$","E","BOSS"],"build_version":"2019-04-23","purchased_purges":2,"victory":false,"max_hp_per_floor":[71,71,71,71,76,76,76,76,76,76,76,76,76,76,76,76,76,76,76,76,76,76,76,76,76,76,76,76,76,78,80,80,80,80,82,84,84,86,86,86,88,88,88,90,90,90,90,92,92,92,92,92,92,92,92,92],"card_choices":[{"not_picked":["Streamline","Turbo"],"picked":"Compile Driver","floor":1},{"not_picked":["Redo","Coolheaded"],"picked":"Doom and Gloom","floor":4},{"not_picked":["Chill","Steam"],"picked":"Static Discharge","floor":10},{"not_picked":["Doom and Gloom","Stack"],"picked":"Undo","floor":12},{"not_picked":["Sweeping Beam","Turbo","Doom and Gloom"],"picked":"SKIP","floor":13},{"not_picked":["Turbo","Undo","Sweeping Beam"],"picked":"SKIP","floor":14},{"not_picked":["Buffer","Thunder Strike"],"picked":"Multi-Cast","floor":16},{"not_picked":["Gash","Force Field"],"picked":"Glacier","floor":18},{"not_picked":["Auto Shields","Streamline","Cold Snap"],"picked":"SKIP","floor":22},{"not_picked":["Auto Shields","Streamline","Cold Snap"],"picked":"SKIP","floor":22},{"not_picked":["Reprogram","Sweeping Beam"],"picked":"Genetic Algorithm","floor":23},{"not_picked":["Sweeping Beam+1","Cold Snap","Ball Lightning"],"picked":"SKIP","floor":27},{"not_picked":["Buffer","Hello World","Sweeping Beam"],"picked":"Singing Bowl","floor":30},{"not_picked":["Undo","Hello World","Gash"],"picked":"Singing Bowl","floor":31},{"not_picked":["Hyperbeam","Electrodynamics"],"picked":"Echo Form","floor":33},{"not_picked":["Beam Cell","Ball Lightning","Cold Snap"],"picked":"Singing Bowl","floor":35},{"not_picked":["Redo+1","BootSequence","Hello World"],"picked":"Singing Bowl","floor":36},{"not_picked":["Storm","Rebound"],"picked":"Chill","floor":37},{"not_picked":["Impatience","Finesse"],"picked":"PanicButton","floor":38},{"not_picked":["Flash of Steel","Purity","Trip"],"picked":"Singing Bowl","floor":38},{"not_picked":["Panacea","Deep Breath"],"picked":"Bandage Up","floor":38},{"not_picked":["Redo","Compile Driver+1"],"picked":"Creative AI","floor":39},{"not_picked":["Doom and Gloom","Barrage+1","Conserve Battery"],"picked":"Singing Bowl","floor":41},{"not_picked":["Gash","Fusion+1"],"picked":"Hologram+1","floor":42},{"not_picked":["Gash","Reprogram","Steam"],"picked":"Singing Bowl","floor":44},{"not_picked":["Conserve Battery","Auto Shields","Go for the Eyes+1"],"picked":"Singing Bowl","floor":48},{"not_picked":["Fusion","Force Field"],"picked":"Amplify","floor":55}],"player_experience":5946928,"relics_obtained":[{"floor":9,"key":"Mummified Hand"},{"floor":10,"key":"War Paint"},{"floor":12,"key":"Symbiotic Virus"},{"floor":21,"key":"Necronomicon"},{"floor":23,"key":"Boot"},{"floor":26,"key":"Bag of Preparation"},{"floor":30,"key":"Singing Bowl"},{"floor":36,"key":"Peace Pipe"},{"floor":41,"key":"Omamori"},{"floor":48,"key":"Ornamental Fan"},{"floor":55,"key":"Sundial"}],"event_choices":[{"damage_healed":0,"gold_gain":0,"player_choice":"Grow","damage_taken":0,"max_hp_gain":0,"max_hp_loss":0,"event_name":"Living Wall","floor":3,"gold_loss":0,"cards_upgraded":["Zap"]},{"damage_healed":0,"gold_gain":0,"player_choice":"Donut","damage_taken":0,"max_hp_gain":5,"max_hp_loss":0,"event_name":"Big Fish","floor":5,"gold_loss":0},{"cards_removed":["Strike_B"],"damage_healed":0,"gold_gain":0,"player_choice":"Purged","damage_taken":0,"max_hp_gain":0,"max_hp_loss":0,"event_name":"Purifier","floor":7,"gold_loss":0},{"damage_healed":0,"gold_gain":50,"player_choice":"Stole From Cult","damage_taken":0,"max_hp_gain":0,"max_hp_loss":0,"event_name":"Nest","floor":20,"gold_loss":0},{"damage_healed":0,"gold_gain":0,"player_choice":"Obtained Book","damage_taken":21,"max_hp_gain":0,"max_hp_loss":0,"event_name":"Cursed Tome","floor":21,"gold_loss":0},{"damage_healed":0,"gold_gain":0,"player_choice":"Obtained Relic","damage_taken":0,"relics_obtained":["Art of War"],"max_hp_gain":0,"max_hp_loss":0,"event_name":"Addict","floor":24,"gold_loss":85},{"damage_healed":0,"gold_gain":0,"player_choice":"Fight","damage_taken":0,"max_hp_gain":0,"max_hp_loss":0,"event_name":"MindBloom","floor":36,"gold_loss":0},{"damage_healed":0,"gold_gain":0,"player_choice":"Memory 3","damage_taken":10,"max_hp_gain":0,"max_hp_loss":0,"event_name":"SensoryStone","floor":38,"gold_loss":0}],"is_beta":true,"boss_relics":[{"not_picked":["Orrery","Eternal Feather"],"picked":"Sozu"},{"not_picked":["Cursed Key","Empty Cage"],"picked":"Runic Pyramid"}],"items_purged_floors":[19,46],"is_endless":false,"potions_floor_spawned":[4,13,14,16,27,30,31,36,41,48,55],"killed_by":"The Heart","ascension_level":20}