{"gold_per_floor":[110,110,35,35,49,82,82,115,115,115,131,159,159,170,170,244,244,258,258,274,13,23,83,83,83,83,83,83,102,114,126,126,126],"floor_reached":33,"playtime":1965,"items_purged":["Strike_G"],"score":695,"play_id":"c8afb2ca-0417-4037-8d4a-ec3b8fa92a38","local_time":"20190424124649","is_ascension_mode":true,"campfire_choices":[{"floor":7,"key":"REST"},{"data":"Caltrops","floor":13,"key":"SMITH"},{"data":"Neutralize","floor":15,"key":"SMITH"},{"floor":24,"key":"REST"},{"data":"Wraith Form v2","floor":27,"key":"SMITH"},{"data":"Noxious Fumes","floor":32,"key":"SMITH"}],"neow_cost":"NONE","seed_source_timestamp":173684093977488,"circlet_count":0,"master_deck":["AscendersBane","Defend_G","Defend_G","Defend_G","Defend_G","Defend_G","Survivor","Neutralize+1","Quick Slash","Caltrops+1","Dagger Spray","Flying Knee","Unload","Cloak And Dagger","Backflip","Wraith Form v2+1","Escape Plan","Dodge and Roll","Noxious Fumes+1","Well Laid Plans","Blur","Dash","Adrenaline","Bite","Bite","Bite","Bite","Bite","Pain","Backflip","PiercingWail+1"],"relics":["Ring of the Snake","NeowsBlessing","The Courier","Question Card","Bag of Marbles","Sundial","Blue Candle","Sozu","Nilry\u0027s Codex","Tiny Chest","Kunai","WarpedTongs"],"potions_floor_usage":[8,12,16,16,22],"damage_taken":[{"damage":0,"enemies":"Jaw Worm","floor":1,"turns":1},{"damage":0,"enemies":"Small Slimes","floor":5,"turns":1},{"damage":0,"enemies":"3 Sentries","floor":6,"turns":1},{"damage":19,"enemies":"Gremlin Nob","floor":8,"turns":4},{"damage":0,"enemies":"2 Louse","floor":11,"turns":4},{"damage":16,"enemies":"3 Sentries","floor":12,"turns":6},{"damage":0,"enemies":"Gremlin Gang","floor":14,"turns":5},{"damage":12,"enemies":"Hexaghost","floor":16,"turns":9},{"damage":13,"enemies":"Chosen","floor":18,"turns":6},{"damage":17,"enemies":"3 Byrds","floor":20,"turns":5},{"damage":1,"enemies":"Snake Plant","floor":22,"turns":6},{"damage":0,"enemies":"Slavers","floor":23,"turns":5},{"damage":1,"enemies":"3 Cultists","floor":29,"turns":5},{"damage":8,"enemies":"Sentry and Sphere","floor":30,"turns":6},{"damage":24,"enemies":"Cultist and Chosen","floor":31,"turns":6},{"damage":53,"enemies":"Collector","floor":33,"turns":8}],"seed_played":"-2146453586089988017","potions_obtained":[{"floor":6,"key":"SteroidPotion"},{"floor":11,"key":"FearPotion"},{"floor":12,"key":"Swift Potion"},{"floor":14,"key":"FearPotion"},{"floor":16,"key":"PowerPotion"}],"is_trial":false,"path_per_floor":["M","?","?","?","M","E","R","E","T","?","M","E","R","M","R","B",null,"M","?","M","$","M","E","R","?","T","R","?","M","M","M","R","B"],"character_chosen":"THE_SILENT","items_purchased":["Noxious Fumes","Well Laid Plans","Blur"],"campfire_rested":2,"item_purchase_floors":[21,21,21],"current_hp_per_floor":[59,64,64,29,29,29,50,31,31,31,31,15,15,15,15,3,54,41,20,3,3,2,2,23,23,23,23,23,34,38,26,26,0],"gold":126,"neow_bonus":"THREE_ENEMY_KILL","is_prod":false,"is_daily":false,"chose_seed":false,"campfire_upgraded":4,"win_rate":0,"timestamp":1556135209,"path_taken":["M","?","?","?","M","E","R","E","T","?","M","E","R","M","R","BOSS","M","?","M","$","M","E","R","?","T","R","?","M","M","?","R","BOSS"],"build_version":"2019-04-23","purchased_purges":1,"victory":false,"max_hp_per_floor":[66,71,71,71,71,71,71,71,71,71,71,71,71,71,71,71,71,71,71,71,71,71,71,71,49,49,49,49,49,49,49,49,49],"card_choices":[{"not_picked":["Underhanded Strike","Distraction"],"picked":"Quick Slash","floor":1},{"not_picked":["Masterful Stab","Endless Agony"],"picked":"Caltrops","floor":5},{"not_picked":["Bane","Expertise"],"picked":"Dagger Spray","floor":6},{"not_picked":["Underhanded Strike","Dodge and Roll","Backflip"],"picked":"Flying Knee","floor":8},{"not_picked":["Flying Knee","Skewer","Prepared"],"picked":"Unload","floor":11},{"not_picked":["Finisher","Dagger Throw","Eviscerate"],"picked":"Cloak And Dagger","floor":12},{"not_picked":["Flechettes","Dagger Spray","Slice"],"picked":"Backflip","floor":14},{"not_picked":["Phantasmal Killer","After Image","Envenom"],"picked":"Wraith Form v2","floor":16},{"not_picked":["Cloak And Dagger","Eviscerate","Skewer"],"picked":"Escape Plan","floor":18},{"not_picked":["Sucker Punch","Slice+1","Reflex"],"picked":"Dodge and Roll","floor":20},{"not_picked":["Quick Slash","Bane","Backstab"],"picked":"Dash","floor":22},{"not_picked":["Backstab","Finisher","Die Die Die"],"picked":"Adrenaline","floor":23},{"not_picked":["Blade Dance","Dagger Throw","Poisoned Stab"],"picked":"Backflip","floor":29},{"not_picked":["Deflect","Concentrate","Underhanded Strike+1","Poisoned Stab+1"],"picked":"SKIP","floor":30},{"not_picked":["Slice","Phantasmal Killer","Sucker Punch"],"picked":"PiercingWail+1","floor":31}],"player_experience":5809773,"relics_obtained":[{"floor":6,"key":"Question Card"},{"floor":8,"key":"Bag of Marbles"},{"floor":9,"key":"Sundial"},{"floor":12,"key":"Blue Candle"},{"floor":19,"key":"Nilry\u0027s Codex"},{"floor":23,"key":"Tiny Chest"},{"floor":26,"key":"Kunai"}],"event_choices":[{"damage_healed":0,"gold_gain":0,"player_choice":"Donut","damage_taken":0,"max_hp_gain":5,"max_hp_loss":0,"event_name":"Big Fish","floor":2,"gold_loss":0},{"cards_removed":["Strike_G"],"damage_healed":0,"gold_gain":0,"player_choice":"Card Removal","damage_taken":0,"max_hp_gain":0,"max_hp_loss":0,"event_name":"The Cleric","floor":3,"gold_loss":75},{"damage_healed":0,"gold_gain":0,"player_choice":"Success","damage_taken":35,"relics_obtained":["The Courier"],"max_hp_gain":0,"max_hp_loss":0,"event_name":"Scrap Ooze","floor":4,"gold_loss":0},{"damage_healed":0,"gold_gain":0,"player_choice":"Searched \u00271\u0027 times","damage_taken":0,"max_hp_gain":0,"max_hp_loss":0,"event_name":"Dead Adventurer","floor":10,"gold_loss":0},{"damage_healed":0,"gold_gain":0,"player_choice":"Obtained Book","damage_taken":21,"max_hp_gain":0,"max_hp_loss":0,"event_name":"Cursed Tome","floor":19,"gold_loss":0},{"damage_healed":0,"gold_gain":0,"player_choice":"Became a vampire","damage_taken":0,"max_hp_gain":0,"max_hp_loss":22,"event_name":"Vampires","floor":25,"gold_loss":0,"cards_obtained":["Bite","Bite","Bite","Bite","Bite"]},{"damage_healed":0,"gold_gain":0,"player_choice":"Rummage","damage_taken":0,"relics_obtained":["WarpedTongs"],"max_hp_gain":0,"max_hp_loss":0,"event_name":"Accursed Blacksmith","floor":28,"gold_loss":0,"cards_obtained":["Pain"]}],"is_beta":true,"boss_relics":[{"not_picked":["Tiny House","Fusion Hammer"],"picked":"Sozu"}],"items_purged_floors":[21],"is_endless":false,"potions_floor_spawned":[6,11,12,14,16,18,29,31],"killed_by":"Collector","ascension_level":20}