{"gold_per_floor":[115,40,40,40,40,69,69,85,85,160,189,37,37,37,37,110,110,129,29,40,40,56,56,83,103,103,103,135,153,28,38,38,112,112,129,149,149,162,174,174,209,16,16,30,45,55,85,99,99,99,99,99,99,18,49,49],"floor_reached":56,"playtime":3878,"items_purged":["Strike_R","Strike_R","Anger","Strike_R"],"score":1964,"play_id":"7c352b73-8efe-40d3-8156-862306685501","local_time":"20190425202336","is_ascension_mode":true,"campfire_choices":[{"data":"1","floor":7,"key":"LIFT"},{"data":"2","floor":13,"key":"LIFT"},{"data":"3","floor":15,"key":"LIFT"},{"data":"Limit Break","floor":23,"key":"SMITH"},{"data":"Clothesline","floor":32,"key":"SMITH"},{"data":"Feed","floor":40,"key":"SMITH"},{"floor":49,"key":"RECALL"},{"data":"Shockwave","floor":53,"key":"SMITH"}],"neow_cost":"TEN_PERCENT_HP_LOSS","seed_source_timestamp":285580850165237,"circlet_count":0,"master_deck":["AscendersBane","Strike_R","Strike_R","Defend_R+1","Defend_R","Defend_R","Defend_R+1","Bash","Immolate","Iron Wave","Metallicize+1","Reaper","Limit Break+1","Clothesline+1","Sword Boomerang+1","Shrug It Off","Heavy Blade+1","Feel No Pain","Feed+1","Exhume","Shockwave+1","Pommel Strike+1","Feel No Pain+1","Shockwave","Burning Pact"],"relics":["Burning Blood","Sundial","Girya","Torii","Du-Vu Doll","Snecko Eye","Nilry\u0027s Codex","Mummified Hand","Oddly Smooth Stone","Orichalcum","Velvet Choker","War Paint","StoneCalendar","Dodecahedron"],"potions_floor_usage":[55,55],"damage_taken":[{"damage":0,"enemies":"2 Louse","floor":1,"turns":2},{"damage":32,"enemies":"Gremlin Nob","floor":6,"turns":4},{"damage":4,"enemies":"Jaw Worm","floor":8,"turns":3},{"damage":13,"enemies":"3 Sentries","floor":11,"turns":7},{"damage":25,"enemies":"The Guardian","floor":16,"turns":14},{"damage":6,"enemies":"3 Byrds","floor":18,"turns":3},{"damage":11,"enemies":"Spheric Guardian","floor":20,"turns":3},{"damage":2,"enemies":"3 Cultists","floor":22,"turns":5},{"damage":26,"enemies":"Book of Stabbing","floor":24,"turns":5},{"damage":26,"enemies":"Snake Plant","floor":25,"turns":3},{"damage":71,"enemies":"Gremlin Leader","floor":28,"turns":7},{"damage":2,"enemies":"Snecko","floor":29,"turns":10},{"damage":0,"enemies":"Sentry and Sphere","floor":31,"turns":2},{"damage":22,"enemies":"Champ","floor":33,"turns":7},{"damage":34,"enemies":"3 Darklings","floor":35,"turns":4},{"damage":11,"enemies":"3 Shapes","floor":36,"turns":3},{"damage":6,"enemies":"Writhing Mass","floor":38,"turns":5},{"damage":59,"enemies":"Maw","floor":39,"turns":8},{"damage":30,"enemies":"Giant Head","floor":41,"turns":6},{"damage":24,"enemies":"3 Darklings","floor":44,"turns":9},{"damage":1,"enemies":"Writhing Mass","floor":45,"turns":9},{"damage":22,"enemies":"4 Shapes","floor":46,"turns":15},{"damage":21,"enemies":"Nemesis","floor":47,"turns":5},{"damage":8,"enemies":"Jaw Worm Horde","floor":48,"turns":6},{"damage":96,"enemies":"Awakened One","floor":50,"turns":12},{"damage":63,"enemies":"Time Eater","floor":51,"turns":13},{"damage":137,"enemies":"Shield and Spear","floor":55,"turns":9},{"damage":101,"enemies":"The Heart","floor":56,"turns":8}],"seed_played":"7223368607554036724","potions_obtained":[{"floor":16,"key":"BloodPotion"},{"floor":18,"key":"Fire Potion"},{"floor":24,"key":"Fire Potion"},{"floor":29,"key":"Swift Potion"},{"floor":41,"key":"SkillPotion"}],"is_trial":false,"path_per_floor":["M","$","?","?","T","E","R","M","T","?","E","$","R","?","R","B",null,"M","$","M","?","M","R","E","M","T","?","E","M","$","M","R","B",null,"M","M","T","M","M","R","E","$","T","M","M","M","E","M","R","B","B",null,"R","$","E","B"],"character_chosen":"IRONCLAD","items_purchased":["Reaper","Shockwave","Shockwave"],"campfire_rested":0,"item_purchase_floors":[12,42,54],"current_hp_per_floor":[68,68,73,73,73,47,47,49,49,38,31,31,31,31,31,20,60,66,66,61,40,73,73,73,73,73,73,44,73,73,73,73,71,73,61,75,75,82,40,40,20,20,20,77,86,101,90,113,113,99,125,125,125,125,45,0],"gold":49,"neow_bonus":"THREE_RARE_CARDS","is_prod":false,"is_daily":false,"chose_seed":false,"campfire_upgraded":4,"win_rate":0,"timestamp":1556249016,"path_taken":["M","$","?","?","?","E","R","?","T","?","E","$","R","?","R","BOSS","M","$","?","?","M","R","E","M","T","?","E","M","$","M","R","BOSS","M","M","?","M","M","R","E","$","T","M","M","?","E","M","R","BOSS","BOSS","R","$","E","BOSS"],"build_version":"2019-04-23","purchased_purges":4,"victory":false,"max_hp_per_floor":[68,68,73,73,73,73,73,73,73,73,73,73,73,73,73,73,73,73,73,73,73,73,73,73,73,73,73,73,73,73,73,73,73,73,76,79,79,82,85,85,89,89,89,89,93,101,105,113,113,121,125,125,125,125,125,125],"card_choices":[{"not_picked":["Barricade","Double Tap"],"picked":"Immolate","floor":0},{"not_picked":["Warcry","Thunderclap"],"picked":"Anger","floor":1},{"not_picked":["Fire Breathing","Entrench"],"picked":"Iron Wave","floor":6},{"not_picked":["Warcry","Wild Strike","Cleave"],"picked":"SKIP","floor":8},{"not_picked":["Cleave","Inflame"],"picked":"Metallicize","floor":11},{"not_picked":["Exhume","Demon Form"],"picked":"Limit Break","floor":16},{"not_picked":["Twin Strike","Sever Soul"],"picked":"Clothesline","floor":18},{"not_picked":["Rage+1","Wild Strike","Headbutt"],"picked":"SKIP","floor":20},{"not_picked":["Combust+1","Havoc","Power Through"],"picked":"SKIP","floor":22},{"not_picked":["Headbutt","Bloodletting","Sword Boomerang"],"picked":"SKIP","floor":24},{"not_picked":["Sentinel","Pommel Strike"],"picked":"Sword Boomerang","floor":25},{"not_picked":["Rampage","Thunderclap"],"picked":"Shrug It Off","floor":28},{"not_picked":["Rampage","Metallicize"],"picked":"Heavy Blade+1","floor":29},{"not_picked":["Ghostly Armor","Twin Strike"],"picked":"Feel No Pain","floor":31},{"not_picked":["Brutality","Barricade"],"picked":"Feed","floor":33},{"not_picked":["Havoc","Rupture+1","Sword Boomerang+1"],"picked":"SKIP","floor":35},{"not_picked":["Clothesline","Anger+1","Iron Wave"],"picked":"SKIP","floor":36},{"not_picked":["Entrench","Havoc+1","Whirlwind"],"picked":"SKIP","floor":38},{"not_picked":["Cleave","Thunderclap","Armaments"],"picked":"SKIP","floor":39},{"not_picked":["Rupture+1","Twin Strike"],"picked":"Exhume","floor":41},{"not_picked":["Seeing Red+1","Clothesline","Body Slam+1"],"picked":"SKIP","floor":44},{"not_picked":["Cleave","Body Slam"],"picked":"Pommel Strike+1","floor":45},{"not_picked":["Wild Strike+1","Thunderclap"],"picked":"Feel No Pain+1","floor":46},{"not_picked":["Whirlwind","Havoc","Iron Wave+1"],"picked":"SKIP","floor":47},{"not_picked":["Perfected Strike+1","Immolate","Cleave"],"picked":"SKIP","floor":48},{"not_picked":["Havoc","Clash"],"picked":"Burning Pact","floor":55}],"player_experience":5861129,"relics_obtained":[{"floor":5,"key":"Sundial"},{"floor":6,"key":"Girya"},{"floor":9,"key":"Torii"},{"floor":11,"key":"Du-Vu Doll"},{"floor":21,"key":"Nilry\u0027s Codex"},{"floor":24,"key":"Mummified Hand"},{"floor":26,"key":"Oddly Smooth Stone"},{"floor":28,"key":"Orichalcum"},{"floor":43,"key":"War Paint"},{"floor":47,"key":"StoneCalendar"},{"floor":55,"key":"Dodecahedron"}],"event_choices":[{"damage_healed":0,"gold_gain":0,"player_choice":"Donut","damage_taken":0,"max_hp_gain":5,"max_hp_loss":0,"event_name":"Big Fish","floor":3,"gold_loss":0},{"damage_healed":0,"gold_gain":0,"player_choice":"Ignored","damage_taken":0,"max_hp_gain":0,"max_hp_loss":0,"event_name":"Liars Game","floor":4,"gold_loss":0},{"damage_healed":0,"gold_gain":75,"player_choice":"Gather Gold","damage_taken":11,"max_hp_gain":0,"max_hp_loss":0,"event_name":"World of Goop","floor":10,"gold_loss":0},{"damage_healed":0,"gold_gain":0,"player_choice":"Upgraded","damage_taken":0,"max_hp_gain":0,"max_hp_loss":0,"event_name":"Upgrade Shrine","floor":14,"gold_loss":0,"cards_upgraded":["Metallicize"]},{"damage_healed":0,"gold_gain":0,"player_choice":"Obtained Book","damage_taken":21,"max_hp_gain":0,"max_hp_loss":0,"event_name":"Cursed Tome","floor":21,"gold_loss":0},{"damage_healed":0,"gold_gain":0,"player_choice":"Upgraded","damage_taken":0,"max_hp_gain":0,"max_hp_loss":0,"event_name":"Upgrade Shrine","floor":27,"gold_loss":0,"cards_upgraded":["Sword Boomerang"]}],"is_beta":true,"boss_relics":[{"not_picked":["Pandora\u0027s Box","Black Star"],"picked":"Snecko Eye"},{"not_picked":["Calling Bell","Astrolabe"],"picked":"Velvet Choker"}],"items_purged_floors":[2,19,30,42],"is_endless":false,"potions_floor_spawned":[16,18,24,29,33,36,41,46,48],"killed_by":"The Heart","ascension_level":20}