{"gold_per_floor":[116,116,7,17,31,31,106,132,132,132,144,174,188,221,221,299,299,317,317,317,334,344,344,49,75,75,93,103,103,137,153,153,231,231,241,258,268,268,285,319,319,319,397,415,415,415,434,463,463,463,463,463,463,3,31,31],"floor_reached":57,"playtime":6294,"items_purged":["Pain","Strike_B"],"score":2923,"play_id":"660719f7-9d5d-4163-96ea-0f8b6651d4a4","local_time":"20190428142507","is_ascension_mode":true,"campfire_choices":[{"data":"Defragment","floor":6,"key":"SMITH"},{"data":"Zap","floor":10,"key":"SMITH"},{"floor":15,"key":"REST"},{"data":"Biased Cognition","floor":23,"key":"SMITH"},{"floor":29,"key":"REST"},{"data":"Coolheaded","floor":32,"key":"SMITH"},{"floor":41,"key":"RECALL"},{"floor":45,"key":"REST"},{"floor":49,"key":"REST"},{"floor":53,"key":"REST"}],"neow_cost":"TEN_PERCENT_HP_LOSS","seed_source_timestamp":85652680125398,"circlet_count":0,"master_deck":["AscendersBane","Strike_B","Strike_B","Defend_B","Defend_B","Zap+1","Dualcast","Cold Snap","Defragment+1","Compile Driver","Coolheaded+1","Doom and Gloom","Double Energy","FTL","Hologram","Undo","Echo Form","Biased Cognition+1","Hologram+1","RitualDagger","Self Repair","Core Surge","Double Energy","Static Discharge+1","Hologram","Echo Form+1","Compile Driver","Coolheaded","Force Field+1","Capacitor+1","Meteor Strike","Loop+1","Coolheaded+1","Biased Cognition+1","Impatience"],"relics":["Cracked Core","CultistMask","Ice Cream","Turnip","Potion Belt","Ancient Tea Set","Philosopher\u0027s Stone","WarpedTongs","Orichalcum","Dream Catcher","Frozen Egg 2","Pocketwatch","Fusion Hammer","Centennial Puzzle","StoneCalendar","DataDisk"],"potions_floor_usage":[8,14,18,22,25,25,36,37,42,55,56,56,56],"damage_taken":[{"damage":2,"enemies":"Jaw Worm","floor":1,"turns":3},{"damage":0,"enemies":"Cultist","floor":4,"turns":3},{"damage":7,"enemies":"2 Louse","floor":5,"turns":2},{"damage":8,"enemies":"3 Sentries","floor":8,"turns":9},{"damage":4,"enemies":"Looter","floor":11,"turns":3},{"damage":16,"enemies":"Gremlin Nob","floor":12,"turns":4},{"damage":2,"enemies":"Lots of Slimes","floor":13,"turns":2},{"damage":8,"enemies":"3 Sentries","floor":14,"turns":6},{"damage":0,"enemies":"The Guardian","floor":16,"turns":10},{"damage":0,"enemies":"Chosen","floor":18,"turns":4},{"damage":13,"enemies":"Shell Parasite","floor":21,"turns":7},{"damage":22,"enemies":"Chosen and Byrds","floor":22,"turns":7},{"damage":29,"enemies":"Slavers","floor":25,"turns":4},{"damage":17,"enemies":"Snake Plant","floor":27,"turns":12},{"damage":5,"enemies":"Centurion and Healer","floor":28,"turns":5},{"damage":15,"enemies":"Book of Stabbing","floor":30,"turns":5},{"damage":11,"enemies":"Cultist and Chosen","floor":31,"turns":7},{"damage":7,"enemies":"Champ","floor":33,"turns":12},{"damage":7,"enemies":"3 Darklings","floor":35,"turns":3},{"damage":18,"enemies":"3 Shapes","floor":36,"turns":6},{"damage":20,"enemies":"3 Darklings","floor":37,"turns":13},{"damage":0,"enemies":"Spire Growth","floor":39,"turns":8},{"damage":0,"enemies":"Giant Head","floor":40,"turns":7},{"damage":0,"enemies":"Maw","floor":44,"turns":5},{"damage":17,"enemies":"3 Darklings","floor":47,"turns":4},{"damage":4,"enemies":"Reptomancer","floor":48,"turns":6},{"damage":17,"enemies":"Time Eater","floor":50,"turns":18},{"damage":51,"enemies":"Awakened One","floor":51,"turns":18},{"damage":23,"enemies":"Shield and Spear","floor":55,"turns":8},{"damage":39,"enemies":"The Heart","floor":56,"turns":9}],"seed_played":"-9055365468388292225","potions_obtained":[{"floor":1,"key":"Regen Potion"},{"floor":8,"key":"Fire Potion"},{"floor":11,"key":"Dexterity Potion"},{"floor":13,"key":"GamblersBrew"},{"floor":16,"key":"Fire Potion"},{"floor":18,"key":"Strength Potion"},{"floor":25,"key":"SkillPotion"},{"floor":31,"key":"Fruit Juice"},{"floor":33,"key":"Weak Potion"},{"floor":36,"key":"LiquidBronze"},{"floor":37,"key":"Swift Potion"},{"floor":39,"key":"SpeedPotion"},{"floor":42,"key":"Fruit Juice"},{"floor":42,"key":"FairyPotion"},{"floor":55,"key":"Weak Potion"}],"is_trial":false,"path_per_floor":["M","?","$","M","M","R","?","E","T","R","M","E","M","E","R","B",null,"M","?","?","M","M","R","$","E","T","M","M","R","E","M","R","B",null,"M","M","M","?","M","E","R","?","T","M","R","?","M","E","R","B","B",null,"R","$","E","B",null],"character_chosen":"DEFECT","items_purchased":["Defragment","Compile Driver","Orichalcum","AttackPotion","Biased Cognition+1","FocusPotion","Impatience"],"campfire_rested":5,"item_purchase_floors":[3,3,24,24,54,54,54],"current_hp_per_floor":[62,62,62,62,55,55,44,51,51,51,47,31,29,21,40,40,58,58,52,52,39,37,37,37,18,18,21,26,45,44,53,53,64,64,57,51,51,51,69,69,69,74,74,74,74,70,70,70,70,70,39,62,70,70,67,42],"gold":31,"neow_bonus":"REMOVE_TWO","is_prod":false,"is_daily":false,"chose_seed":false,"campfire_upgraded":4,"win_rate":0,"timestamp":1556486707,"path_taken":["M","?","$","M","?","R","?","E","T","R","M","E","M","E","R","BOSS","M","?","?","M","M","R","$","E","T","?","M","R","E","M","R","BOSS","M","M","M","?","M","E","R","?","T","?","R","?","M","E","R","BOSS","BOSS","R","$","E","BOSS"],"build_version":"2019-04-23","purchased_purges":2,"victory":true,"max_hp_per_floor":[64,64,64,64,64,64,64,64,64,64,64,64,64,64,64,64,64,64,64,64,64,64,64,64,64,64,64,64,64,64,64,64,64,64,64,69,69,69,69,69,69,74,74,74,74,70,70,70,70,70,70,70,70,70,70,70],"card_choices":[{"not_picked":["Steam Power","Conserve Battery"],"picked":"Cold Snap","floor":1},{"not_picked":["Go for the Eyes","Leap"],"picked":"Coolheaded","floor":4},{"not_picked":["Tempest","Consume"],"picked":"Doom and Gloom","floor":5},{"not_picked":["Ball Lightning","Rip and Tear"],"picked":"Double Energy","floor":8},{"not_picked":["Hologram","Darkness"],"picked":"FTL","floor":11},{"not_picked":["Machine Learning","Double Energy"],"picked":"Hologram","floor":12},{"not_picked":["Turbo","Sweeping Beam"],"picked":"Undo","floor":13},{"not_picked":["Steam","Ball Lightning"],"picked":"Echo Form","floor":14},{"not_picked":["Creative AI","Seek"],"picked":"Biased Cognition","floor":16},{"not_picked":["Reprogram","Barrage"],"picked":"Hologram+1","floor":18},{"not_picked":["Hologram","Go for the Eyes"],"picked":"Self Repair","floor":21},{"not_picked":["Rebound+1","Redo","Steam+1"],"picked":"SKIP","floor":22},{"not_picked":["Skim","Tempest"],"picked":"Core Surge","floor":25},{"not_picked":["Turbo","Sweeping Beam","Conserve Battery"],"picked":"SKIP","floor":27},{"not_picked":["Tempest","Barrage"],"picked":"Double Energy","floor":28},{"not_picked":["Redo","Tempest"],"picked":"Static Discharge+1","floor":29},{"not_picked":["Leap","Aggregate"],"picked":"Hologram","floor":30},{"not_picked":["Gash","Hello World+1","Leap"],"picked":"SKIP","floor":31},{"not_picked":["Creative AI+1","Thunder Strike"],"picked":"Echo Form+1","floor":33},{"not_picked":["Rip and Tear","Ball Lightning"],"picked":"Compile Driver","floor":35},{"not_picked":["Turbo","Scrape"],"picked":"Coolheaded","floor":36},{"not_picked":["Ball Lightning","Leap"],"picked":"Force Field+1","floor":37},{"not_picked":["Redo","Reinforced Body+1"],"picked":"Capacitor+1","floor":39},{"not_picked":["FTL","Compile Driver"],"picked":"Meteor Strike","floor":40},{"not_picked":["Rebound","Redo+1"],"picked":"Loop+1","floor":44},{"not_picked":["Darkness","Conserve Battery+1"],"picked":"Coolheaded+1","floor":45},{"not_picked":["Steam+1","Skim","Rebound"],"picked":"SKIP","floor":47},{"not_picked":["All For One","Go for the Eyes+1","Stack+1"],"picked":"SKIP","floor":48},{"not_picked":["Doom and Gloom","Gash","Beam Cell"],"picked":"SKIP","floor":55}],"player_experience":5917395,"relics_obtained":[{"floor":8,"key":"Ice Cream"},{"floor":9,"key":"Turnip"},{"floor":12,"key":"Potion Belt"},{"floor":14,"key":"Ancient Tea Set"},{"floor":25,"key":"Dream Catcher"},{"floor":26,"key":"Frozen Egg 2"},{"floor":30,"key":"Pocketwatch"},{"floor":40,"key":"Centennial Puzzle"},{"floor":48,"key":"StoneCalendar"},{"floor":55,"key":"DataDisk"}],"event_choices":[{"damage_healed":0,"gold_gain":0,"player_choice":"Trade","damage_taken":0,"relics_obtained":["CultistMask"],"max_hp_gain":0,"max_hp_loss":0,"event_name":"FaceTrader","floor":2,"gold_loss":0},{"damage_healed":0,"gold_gain":75,"player_choice":"Gather Gold","damage_taken":11,"max_hp_gain":0,"max_hp_loss":0,"event_name":"World of Goop","floor":7,"gold_loss":0},{"damage_healed":0,"gold_gain":0,"player_choice":"Joined the Cult","damage_taken":6,"max_hp_gain":0,"max_hp_loss":0,"event_name":"Nest","floor":19,"gold_loss":0,"cards_obtained":["RitualDagger"]},{"damage_healed":0,"gold_gain":0,"player_choice":"Rummage","damage_taken":0,"relics_obtained":["WarpedTongs"],"max_hp_gain":0,"max_hp_loss":0,"event_name":"Accursed Blacksmith","floor":20,"gold_loss":0,"cards_obtained":["Pain"]},{"cards_removed":["Defend_B"],"damage_healed":0,"gold_gain":0,"player_choice":"Removed Skill","damage_taken":0,"max_hp_gain":0,"max_hp_loss":0,"event_name":"Falling","floor":38,"gold_loss":0},{"damage_healed":0,"gold_gain":0,"player_choice":"Got Potions","damage_taken":0,"max_hp_gain":0,"max_hp_loss":0,"event_name":"Lab","floor":42,"gold_loss":0},{"damage_healed":0,"gold_gain":0,"player_choice":"Max HP","damage_taken":0,"max_hp_gain":0,"max_hp_loss":4,"event_name":"Winding Halls","floor":46,"gold_loss":0}],"is_beta":true,"boss_relics":[{"not_picked":["Orrery","Velvet Choker"],"picked":"Philosopher\u0027s Stone"},{"not_picked":["Busted Crown","Lizard Tail"],"picked":"Fusion Hammer"}],"items_purged_floors":[24,54],"is_endless":false,"potions_floor_spawned":[1,8,11,13,16,18,25,31,33,36,37,39,47,55],"ascension_level":20}