{"gold_per_floor":[109,109,184,201,24,24,56,56,56,56,17,44,44,73,73,149,149,149,149,149,149,149,149,149,149,149,49,49,49,49,49,49,49,49,49,49,49,49,49,49,49,49,49,49,49,49,49,49,49,49,49,49,49,49,49,49],"floor_reached":57,"playtime":5399,"items_purged":["Strike_G+1"],"score":2752,"play_id":"3a40e514-ee70-4790-9e5a-d44d222840c0","local_time":"20190503140732","is_ascension_mode":true,"campfire_choices":[{"data":"Dagger Spray","floor":6,"key":"SMITH"},{"data":"Dagger Spray","floor":8,"key":"SMITH"},{"floor":10,"key":"REST"},{"data":"Caltrops","floor":15,"key":"SMITH"},{"floor":24,"key":"REST"},{"floor":28,"key":"REST"},{"data":"Well Laid Plans","floor":32,"key":"SMITH"},{"data":"Noxious Fumes","floor":41,"key":"SMITH"},{"floor":49,"key":"RECALL"},{"floor":53,"key":"REST"}],"neow_cost":"NONE","seed_source_timestamp":271121313365026,"circlet_count":0,"master_deck":["AscendersBane","Defend_G+1","Defend_G+1","Defend_G+1","Defend_G+1","Defend_G+1","Strike_G+1","Strike_G+1","Strike_G+1","Survivor","Neutralize","Flying Knee","Dagger Spray+1","Well Laid Plans+1","Leg Sweep","Dagger Spray+1","Caltrops+1","Grand Finale","Dodge and Roll+1","Expertise","Crippling Poison","Backflip","Noxious Fumes+1","Concentrate+1","Noxious Fumes","PiercingWail","Acrobatics","Deflect+1","Catalyst","Wraith Form v2"],"relics":["Ring of the Snake","Vajra","Bag of Marbles","Bronze Scales","Torii","Potion Belt","Ectoplasm","Red Mask","Omamori","Mercury Hourglass","Singing Bowl","Peace Pipe","Centennial Puzzle","Runic Pyramid","Ice Cream","The Specimen","Bottled Flame"],"potions_floor_usage":[7,29,33,40,42,51,56,56,56],"damage_taken":[{"damage":0,"enemies":"Jaw Worm","floor":1,"turns":5},{"damage":0,"enemies":"2 Louse","floor":4,"turns":3},{"damage":26,"enemies":"Lagavulin","floor":7,"turns":8},{"damage":18,"enemies":"Gremlin Nob","floor":14,"turns":4},{"damage":8,"enemies":"The Guardian","floor":16,"turns":11},{"damage":0,"enemies":"3 Byrds","floor":18,"turns":1},{"damage":0,"enemies":"Masked Bandits","floor":20,"turns":1},{"damage":9,"enemies":"Spheric Guardian","floor":22,"turns":6},{"damage":35,"enemies":"Gremlin Leader","floor":23,"turns":6},{"damage":19,"enemies":"Cultist and Chosen","floor":25,"turns":5},{"damage":0,"enemies":"Slavers","floor":29,"turns":1},{"damage":0,"enemies":"Book of Stabbing","floor":31,"turns":4},{"damage":21,"enemies":"Automaton","floor":33,"turns":10},{"damage":0,"enemies":"3 Shapes","floor":35,"turns":5},{"damage":0,"enemies":"3 Darklings","floor":36,"turns":4},{"damage":15,"enemies":"Spire Growth","floor":38,"turns":6},{"damage":1,"enemies":"Reptomancer","floor":40,"turns":7},{"damage":19,"enemies":"Transient","floor":42,"turns":6},{"damage":1,"enemies":"4 Shapes","floor":44,"turns":6},{"damage":1,"enemies":"Writhing Mass","floor":45,"turns":6},{"damage":1,"enemies":"Nemesis","floor":46,"turns":7},{"damage":1,"enemies":"3 Darklings","floor":47,"turns":3},{"damage":1,"enemies":"4 Shapes","floor":48,"turns":4},{"damage":20,"enemies":"Awakened One","floor":50,"turns":15},{"damage":15,"enemies":"Donu and Deca","floor":51,"turns":10},{"damage":8,"enemies":"Shield and Spear","floor":55,"turns":5},{"damage":59,"enemies":"The Heart","floor":56,"turns":10}],"seed_played":"7873403617306942035","potions_obtained":[{"floor":14,"key":"SteroidPotion"},{"floor":16,"key":"Swift Potion"},{"floor":18,"key":"GhostInAJar"},{"floor":23,"key":"Swift Potion"},{"floor":29,"key":"Swift Potion"},{"floor":35,"key":"Dexterity Potion"},{"floor":40,"key":"SpeedPotion"},{"floor":44,"key":"Fire Potion"}],"is_trial":false,"path_per_floor":["M","?","?","M","$","R","E","R","T","R","$","T","T","E","R","B",null,"M","?","?","?","M","E","R","M","T","$","R","E","?","E","R","B",null,"M","M","?","M","?","E","R","M","T","M","M","E","M","M","R","B","B",null,"R","$","E","B",null],"character_chosen":"THE_SILENT","items_purchased":["Well Laid Plans","Leg Sweep","Fire Potion","Caltrops","Backflip"],"campfire_rested":4,"item_purchase_floors":[5,5,5,11,27],"current_hp_per_floor":[65,58,47,47,47,47,21,21,21,42,42,42,42,24,24,16,58,58,58,58,58,49,14,35,16,16,16,37,39,39,39,39,20,62,64,66,66,51,67,66,66,49,49,48,47,46,45,44,44,24,9,64,82,82,76,17],"gold":49,"neow_bonus":"TEN_PERCENT_HP_BONUS","is_prod":false,"is_daily":false,"chose_seed":false,"campfire_upgraded":5,"win_rate":0,"timestamp":1556917652,"path_taken":["M","?","?","M","$","R","E","R","T","R","$","?","?","E","R","BOSS","M","?","?","?","M","E","R","M","T","$","R","E","?","E","R","BOSS","M","M","?","M","?","E","R","M","T","M","M","E","M","M","R","BOSS","BOSS","R","$","E","BOSS"],"build_version":"2019-04-23","purchased_purges":1,"victory":true,"max_hp_per_floor":[72,72,72,72,72,72,72,72,72,72,72,72,72,72,72,72,72,72,72,72,72,72,72,72,72,72,72,72,74,74,74,74,76,76,78,80,80,80,80,80,80,82,82,82,82,82,82,82,82,82,82,82,82,82,84,84],"card_choices":[{"not_picked":["Dodge and Roll","Flechettes"],"picked":"Flying Knee","floor":1},{"not_picked":["Flying Knee","Deflect"],"picked":"Dagger Spray","floor":4},{"not_picked":["Accuracy","Choke"],"picked":"Dagger Spray","floor":7},{"not_picked":["Setup","Catalyst","Tactician"],"picked":"SKIP","floor":14},{"not_picked":["Unload","Tools of the Trade"],"picked":"Grand Finale","floor":16},{"not_picked":["Sucker Punch","Underhanded Strike"],"picked":"Dodge and Roll+1","floor":18},{"not_picked":["Cloak And Dagger","Caltrops","Dodge and Roll"],"picked":"SKIP","floor":22},{"not_picked":["Outmaneuver","Skewer","Flying Knee"],"picked":"SKIP","floor":23},{"not_picked":["Prepared","Deadly Poison"],"picked":"Crippling Poison","floor":25},{"not_picked":["Phantasmal Killer","Endless Agony","Glass Knife"],"picked":"Singing Bowl","floor":29},{"not_picked":["Skewer","Poisoned Stab"],"picked":"Noxious Fumes","floor":31},{"not_picked":["A Thousand Cuts","Phantasmal Killer","Doppelganger"],"picked":"Singing Bowl","floor":33},{"not_picked":["Well Laid Plans","Bane","Slice"],"picked":"Singing Bowl","floor":35},{"not_picked":["Prepared","Finisher","Well Laid Plans"],"picked":"Singing Bowl","floor":36},{"not_picked":["Riddle With Holes","Deadly Poison"],"picked":"Concentrate+1","floor":38},{"not_picked":["Dagger Throw","Deadly Poison"],"picked":"Noxious Fumes","floor":40},{"not_picked":["Flying Knee","Infinite Blades","Dodge and Roll+1"],"picked":"Singing Bowl","floor":42},{"not_picked":["Heel Hook","All Out Attack"],"picked":"PiercingWail","floor":44},{"not_picked":["Prepared","Backstab+1"],"picked":"Acrobatics","floor":45},{"not_picked":["Poisoned Stab+1","Flying Knee"],"picked":"Deflect+1","floor":46},{"not_picked":["Poisoned Stab+1","Bane"],"picked":"Catalyst","floor":47},{"not_picked":["Calculated Gamble+1","Flying Knee"],"picked":"Wraith Form v2","floor":48},{"not_picked":["Eviscerate","Backstab","Concentrate"],"picked":"Singing Bowl","floor":55}],"player_experience":6090950,"relics_obtained":[{"floor":7,"key":"Vajra"},{"floor":9,"key":"Bag of Marbles"},{"floor":12,"key":"Bronze Scales"},{"floor":13,"key":"Torii"},{"floor":14,"key":"Potion Belt"},{"floor":20,"key":"Red Mask"},{"floor":23,"key":"Omamori"},{"floor":26,"key":"Mercury Hourglass"},{"floor":29,"key":"Singing Bowl"},{"floor":31,"key":"Centennial Puzzle"},{"floor":40,"key":"Ice Cream"},{"floor":46,"key":"The Specimen"},{"floor":55,"key":"Bottled Flame"}],"event_choices":[{"cards_removed":["Strike_G"],"damage_healed":0,"gold_gain":0,"player_choice":"Card Removal","damage_taken":7,"max_hp_gain":0,"max_hp_loss":0,"event_name":"Golden Wing","floor":2,"gold_loss":0},{"damage_healed":0,"gold_gain":75,"player_choice":"Gather Gold","damage_taken":11,"max_hp_gain":0,"max_hp_loss":0,"event_name":"World of Goop","floor":3,"gold_loss":0},{"damage_healed":0,"gold_gain":0,"player_choice":"Read","damage_taken":0,"max_hp_gain":0,"max_hp_loss":0,"event_name":"The Library","floor":19,"gold_loss":0,"cards_obtained":["Expertise"]},{"damage_healed":0,"gold_gain":0,"player_choice":"Fought Bandits","damage_taken":0,"max_hp_gain":0,"max_hp_loss":0,"event_name":"Masked Bandits","floor":20,"gold_loss":0},{"damage_healed":0,"gold_gain":0,"player_choice":"Simplicity","damage_taken":0,"max_hp_gain":0,"max_hp_loss":0,"event_name":"Back to Basics","floor":21,"gold_loss":0,"cards_upgraded":["Defend_G","Defend_G","Defend_G","Defend_G","Defend_G","Strike_G","Strike_G","Strike_G","Strike_G"]},{"damage_healed":0,"gold_gain":0,"player_choice":"Stole Relic","damage_taken":0,"relics_obtained":["Peace Pipe"],"max_hp_gain":0,"max_hp_loss":0,"event_name":"Addict","floor":30,"gold_loss":0,"cards_obtained":["Shame"]},{"damage_healed":0,"gold_gain":0,"player_choice":"Ignored","damage_taken":0,"max_hp_gain":0,"max_hp_loss":0,"event_name":"Tomb of Lord Red Mask","floor":37,"gold_loss":0},{"damage_healed":16,"gold_gain":0,"player_choice":"Writhe","damage_taken":0,"max_hp_gain":0,"max_hp_loss":0,"event_name":"Winding Halls","floor":39,"gold_loss":0,"cards_obtained":["Writhe"]}],"is_beta":true,"boss_relics":[{"not_picked":["Calling Bell","Coffee Dripper"],"picked":"Ectoplasm"},{"not_picked":["Eternal Feather","Empty Cage"],"picked":"Runic Pyramid"}],"items_purged_floors":[27],"is_endless":false,"potions_floor_spawned":[14,16,18,23,25,29,35,40,44,48],"ascension_level":20}