{"gold_per_floor":[119,194,194,34,44,44,44,55,55,69,86,86,121,121],"floor_reached":14,"playtime":416,"items_purged":["Decay"],"score":180,"play_id":"66765d31-cbfd-4450-aa10-ae2e25f74d5c","local_time":"20190424151633","is_ascension_mode":true,"campfire_choices":[{"data":"Zap","floor":6,"key":"SMITH"},{"data":"Compile Driver","floor":12,"key":"SMITH"}],"neow_cost":"NONE","seed_source_timestamp":184220691016221,"circlet_count":0,"master_deck":["AscendersBane","Strike_B","Strike_B","Strike_B","Strike_B","Defend_B","Defend_B","Defend_B","Defend_B","Zap+1","Dualcast","Genetic Algorithm","Barrage","Reinforced Body","Compile Driver+1","Electrodynamics"],"relics":["Cracked Core","Potion Belt","GremlinMask","Pear","Regal Pillow"],"potions_floor_usage":[11,13],"damage_taken":[{"damage":3,"enemies":"2 Louse","floor":1,"turns":2},{"damage":0,"enemies":"Small Slimes","floor":5,"turns":4},{"damage":11,"enemies":"Cultist","floor":8,"turns":4},{"damage":10,"enemies":"Large Slime","floor":10,"turns":7},{"damage":15,"enemies":"Lots of Slimes","floor":11,"turns":4},{"damage":19,"enemies":"Lagavulin","floor":13,"turns":7},{"damage":12,"enemies":"Exordium Wildlife","floor":14,"turns":1}],"seed_played":"6600677982696711255","potions_obtained":[{"floor":10,"key":"LiquidBronze"},{"floor":11,"key":"Fire Potion"}],"is_trial":false,"path_per_floor":["M","?","?","$","M","R","?","M","T","M","M","R","E","M"],"character_chosen":"DEFECT","items_purchased":["Genetic Algorithm"],"campfire_rested":0,"item_purchase_floors":[4],"current_hp_per_floor":[61,50,50,50,50,50,50,39,49,39,24,24,5,0],"gold":121,"neow_bonus":"RANDOM_COMMON_RELIC","is_prod":false,"is_daily":false,"chose_seed":false,"campfire_upgraded":2,"win_rate":0,"timestamp":1556144193,"path_taken":["M","?","?","$","?","R","?","M","T","M","M","R","E","M"],"build_version":"2019-04-23","purchased_purges":1,"victory":false,"max_hp_per_floor":[71,71,71,71,71,71,71,71,81,81,81,81,81,81],"card_choices":[{"not_picked":["Turbo","Scrape","Redo"],"picked":"SKIP","floor":1},{"not_picked":["Hello World","Stack"],"picked":"Barrage","floor":5},{"not_picked":["Steam Power","Recycle"],"picked":"Reinforced Body","floor":8},{"not_picked":["Turbo","Steam"],"picked":"Compile Driver","floor":10},{"not_picked":["BootSequence","Leap","Streamline"],"picked":"SKIP","floor":11},{"not_picked":["Meteor Strike","Melter"],"picked":"Electrodynamics","floor":13}],"player_experience":5820186,"relics_obtained":[{"floor":9,"key":"Pear"},{"floor":13,"key":"Regal Pillow"}],"event_choices":[{"damage_healed":0,"gold_gain":75,"player_choice":"Gather Gold","damage_taken":11,"max_hp_gain":0,"max_hp_loss":0,"event_name":"World of Goop","floor":2,"gold_loss":0},{"damage_healed":0,"gold_gain":0,"player_choice":"Cursed","damage_taken":0,"max_hp_gain":0,"max_hp_loss":0,"event_name":"Wheel of Change","floor":3,"gold_loss":0,"cards_obtained":["Decay"]},{"damage_healed":0,"gold_gain":0,"player_choice":"Trade","damage_taken":0,"relics_obtained":["GremlinMask"],"max_hp_gain":0,"max_hp_loss":0,"event_name":"FaceTrader","floor":7,"gold_loss":0}],"is_beta":true,"boss_relics":[],"items_purged_floors":[4],"is_endless":false,"potions_floor_spawned":[10,11],"killed_by":"Exordium Wildlife","ascension_level":20}