{"gold_per_floor":[116,116,126,141,141,141,175,175,175,225,225,250,261,273,273,350,350,361,377,41,41,55,55,89,89,89,116,116,146,165,165,165,165],"floor_reached":33,"playtime":1653,"items_purged":[],"score":626,"play_id":"e9cd69ce-fbbb-4ef5-a0a5-69d0bfc04b82","local_time":"20190503014103","is_ascension_mode":true,"campfire_choices":[{"data":"Bash","floor":6,"key":"SMITH"},{"data":"Uppercut","floor":8,"key":"SMITH"},{"floor":11,"key":"REST"},{"data":"Disarm","floor":15,"key":"SMITH"},{"data":"Combust","floor":23,"key":"SMITH"},{"data":"Ghostly","floor":28,"key":"SMITH"},{"data":"Heavy Blade","floor":32,"key":"SMITH"}],"neow_cost":"NONE","seed_source_timestamp":230092975416252,"circlet_count":0,"master_deck":["AscendersBane","Strike_R","Strike_R","Defend_R+1","Defend_R","Defend_R+1","Defend_R","Bash+1","Spot Weakness","Disarm+1","Inflame","Uppercut+1","Reaper","Pommel Strike","Offering","Corruption","Combust+1","Ghostly","Ghostly","Ghostly+1","Disarm","Shrug It Off+1","Flame Barrier","Metallicize","Headbutt+1","Heavy Blade+1","Headbutt","Feel No Pain"],"relics":["Burning Blood","War Paint","The Courier","PreservedInsect","Boot","Sozu","Mercury Hourglass","Self Forming Clay","Happy Flower","Gambling Chip"],"potions_floor_usage":[4,16,16],"damage_taken":[{"damage":11,"enemies":"Jaw Worm","floor":1,"turns":5},{"damage":8,"enemies":"Small Slimes","floor":3,"turns":4},{"damage":8,"enemies":"2 Louse","floor":4,"turns":3},{"damage":32,"enemies":"Gremlin Nob","floor":7,"turns":4},{"damage":13,"enemies":"Lagavulin","floor":12,"turns":7},{"damage":27,"enemies":"Gremlin Gang","floor":13,"turns":5},{"damage":14,"enemies":"3 Louse","floor":14,"turns":2},{"damage":30,"enemies":"Hexaghost","floor":16,"turns":9},{"damage":20,"enemies":"2 Thieves","floor":18,"turns":4},{"damage":33,"enemies":"3 Byrds","floor":19,"turns":6},{"damage":13,"enemies":"Snecko","floor":22,"turns":5},{"damage":19,"enemies":"Slavers","floor":24,"turns":4},{"damage":18,"enemies":"Book of Stabbing","floor":27,"turns":6},{"damage":6,"enemies":"Slavers","floor":29,"turns":6},{"damage":1,"enemies":"Snake Plant","floor":30,"turns":3},{"damage":51,"enemies":"Automaton","floor":33,"turns":6}],"seed_played":"-6615885848988643341","potions_obtained":[{"floor":3,"key":"FearPotion"},{"floor":12,"key":"Poison Potion"},{"floor":14,"key":"Energy Potion"},{"floor":16,"key":"EssenceOfSteel"}],"is_trial":false,"path_per_floor":["M","?","M","M","?","R","E","R","T","?","R","E","M","M","R","B",null,"M","M","$","?","M","R","E","?","T","E","R","E","M","?","R","B"],"character_chosen":"IRONCLAD","items_purchased":["Corruption","Mercury Hourglass","Combust"],"campfire_rested":1,"item_purchase_floors":[20,20,20],"current_hp_per_floor":[63,56,54,52,52,52,26,26,26,19,41,34,37,47,47,36,65,64,52,52,37,37,37,36,36,36,30,30,37,37,37,37,0],"gold":165,"neow_bonus":"RANDOM_COMMON_RELIC","is_prod":false,"is_daily":false,"chose_seed":false,"campfire_upgraded":6,"win_rate":0,"timestamp":1556872863,"path_taken":["M","?","M","M","?","R","E","R","T","?","R","E","?","M","R","BOSS","M","M","$","?","M","R","E","?","T","E","R","E","M","?","R","BOSS"],"build_version":"2019-04-23","purchased_purges":0,"victory":false,"max_hp_per_floor":[75,75,75,75,75,75,75,75,75,75,75,75,75,75,75,75,75,75,75,75,37,37,37,37,37,37,37,37,37,37,37,37,37],"card_choices":[{"not_picked":["Cleave","Iron Wave"],"picked":"Spot Weakness","floor":1},{"not_picked":["Clothesline","Flame Barrier"],"picked":"Disarm","floor":3},{"not_picked":["Exhume","Havoc"],"picked":"Inflame","floor":4},{"not_picked":["Shrug It Off","Pummel"],"picked":"Uppercut","floor":7},{"not_picked":["Berserk","Twin Strike"],"picked":"Reaper","floor":12},{"not_picked":["Thunderclap","Whirlwind"],"picked":"Pommel Strike","floor":13},{"not_picked":["Flex","Clash","Wild Strike"],"picked":"SKIP","floor":14},{"not_picked":["Impervious","Fiend Fire"],"picked":"Offering","floor":16},{"not_picked":["Twin Strike","Clothesline","Armaments"],"picked":"SKIP","floor":18},{"not_picked":["Iron Wave","Warcry","Twin Strike"],"picked":"SKIP","floor":19},{"not_picked":["Headbutt","Inflame"],"picked":"Disarm","floor":22},{"not_picked":["Sever Soul","Berserk"],"picked":"Shrug It Off+1","floor":24},{"not_picked":["Body Slam","Evolve"],"picked":"Headbutt+1","floor":27},{"not_picked":["Bloodletting","Armaments"],"picked":"Heavy Blade","floor":29},{"not_picked":["Wild Strike","Iron Wave"],"picked":"Headbutt","floor":30}],"player_experience":6084652,"relics_obtained":[{"floor":7,"key":"The Courier"},{"floor":9,"key":"PreservedInsect"},{"floor":12,"key":"Boot"},{"floor":24,"key":"Self Forming Clay"},{"floor":27,"key":"Happy Flower"},{"floor":29,"key":"Gambling Chip"}],"event_choices":[{"cards_removed":["Strike_R"],"damage_healed":0,"gold_gain":0,"player_choice":"Card Removal","damage_taken":7,"max_hp_gain":0,"max_hp_loss":0,"event_name":"Golden Wing","floor":2,"gold_loss":0},{"damage_healed":0,"gold_gain":0,"player_choice":"Ignored","damage_taken":0,"max_hp_gain":0,"max_hp_loss":0,"event_name":"Liars Game","floor":5,"gold_loss":0},{"damage_healed":0,"gold_gain":50,"player_choice":"Touch","damage_taken":7,"max_hp_gain":0,"max_hp_loss":0,"event_name":"FaceTrader","floor":10,"gold_loss":0},{"damage_healed":0,"gold_gain":0,"player_choice":"Became a Ghost","damage_taken":0,"max_hp_gain":0,"max_hp_loss":38,"event_name":"Ghosts","floor":21,"gold_loss":0,"cards_obtained":["Ghostly","Ghostly","Ghostly"]},{"damage_healed":0,"gold_gain":0,"cards_transformed":["Strike_R","Strike_R"],"player_choice":"Became Test Subject","damage_taken":0,"max_hp_gain":0,"max_hp_loss":0,"event_name":"Drug Dealer","floor":25,"gold_loss":0,"cards_obtained":["Flame Barrier","Metallicize"]},{"damage_healed":0,"gold_gain":0,"player_choice":"1 cards matched","damage_taken":0,"max_hp_gain":0,"max_hp_loss":0,"event_name":"Match and Keep!","floor":31,"gold_loss":0,"cards_obtained":["Feel No Pain"]}],"is_beta":true,"boss_relics":[{"not_picked":["Philosopher\u0027s Stone","Black Star"],"picked":"Sozu"}],"items_purged_floors":[],"is_endless":false,"potions_floor_spawned":[3,12,14,16,19,24,27,29,30],"killed_by":"Automaton","ascension_level":20}