{"gold_per_floor":[112,112,187,204,223,257,329,165,165,34,60,60,93,110,110,184,184,199,249,265,281,331,364,364,397,422,322,322,336,364,20,20,99,99,118,137,137,147,160,160,189,189,189,217,229,204,238,238,238,238,238,238,238,3,32,32],"floor_reached":57,"playtime":21503,"items_purged":["Strike_R","Anger+1"],"score":2782,"play_id":"2be5a6d5-d245-4047-b15a-8cc3aae6b479","local_time":"20190429201556","is_ascension_mode":true,"campfire_choices":[{"data":"Inflame","floor":12,"key":"SMITH"},{"data":"Anger","floor":15,"key":"SMITH"},{"data":"Flame Barrier","floor":24,"key":"SMITH"},{"data":"Flame Barrier","floor":28,"key":"SMITH"},{"data":"1","floor":32,"key":"LIFT"},{"data":"2","floor":40,"key":"LIFT"},{"floor":49,"key":"RECALL"},{"data":"Demon Form","floor":53,"key":"SMITH"}],"neow_cost":"NONE","seed_source_timestamp":177830234202484,"circlet_count":0,"master_deck":["AscendersBane","Strike_R","Defend_R","Defend_R","Defend_R","Defend_R","Bash+1","Twin Strike+1","Flame Barrier+1","Inflame+1","Reaper+1","Flame Barrier+1","Corruption+1","Shockwave+1","Flame Barrier","Entrench+1","Whirlwind+1","Demon Form+1","Rage+1","Blood for Blood+1","Spot Weakness+1","Uppercut+1","Sword Boomerang","Burning Pact+1","Ghostly Armor","Shrug It Off","Reaper+1","Heavy Blade","Dark Embrace"],"relics":["Burning Blood","Letter Opener","Unceasing Top","Bag of Preparation","Meat on the Bone","Pen Nib","Whetstone","Snecko Eye","Oddly Smooth Stone","Regal Pillow","Bag of Marbles","Girya","Astrolabe","Ginger","Ornamental Fan","Lantern","Vajra","DollysMirror","Gremlin Horn"],"potions_floor_usage":[11,11,13,33,55,56,56],"damage_taken":[{"damage":7,"enemies":"Jaw Worm","floor":1,"turns":3},{"damage":6,"enemies":"2 Louse","floor":4,"turns":4},{"damage":0,"enemies":"Small Slimes","floor":5,"turns":3},{"damage":45,"enemies":"3 Sentries","floor":6,"turns":9},{"damage":8,"enemies":"Gremlin Nob","floor":11,"turns":3},{"damage":25,"enemies":"3 Sentries","floor":13,"turns":7},{"damage":13,"enemies":"3 Louse","floor":14,"turns":3},{"damage":24,"enemies":"Slime Boss","floor":16,"turns":8},{"damage":7,"enemies":"Spheric Guardian","floor":18,"turns":4},{"damage":0,"enemies":"3 Byrds","floor":20,"turns":1},{"damage":2,"enemies":"Snake Plant","floor":21,"turns":3},{"damage":6,"enemies":"Book of Stabbing","floor":23,"turns":4},{"damage":12,"enemies":"Gremlin Leader","floor":25,"turns":4},{"damage":0,"enemies":"Snecko","floor":29,"turns":6},{"damage":14,"enemies":"Book of Stabbing","floor":30,"turns":5},{"damage":22,"enemies":"Collector","floor":33,"turns":7},{"damage":4,"enemies":"3 Darklings","floor":35,"turns":3},{"damage":0,"enemies":"Orb Walker","floor":36,"turns":3},{"damage":2,"enemies":"Jaw Worm Horde","floor":38,"turns":4},{"damage":13,"enemies":"Spire Growth","floor":39,"turns":4},{"damage":40,"enemies":"Reptomancer","floor":41,"turns":5},{"damage":19,"enemies":"Giant Head","floor":44,"turns":6},{"damage":0,"enemies":"Maw","floor":45,"turns":5},{"damage":26,"enemies":"Reptomancer","floor":47,"turns":5},{"damage":34,"enemies":"Donu and Deca","floor":50,"turns":7},{"damage":26,"enemies":"Awakened One","floor":51,"turns":10},{"damage":59,"enemies":"Shield and Spear","floor":55,"turns":5},{"damage":64,"enemies":"The Heart","floor":56,"turns":6}],"seed_played":"2198160588237853463","potions_obtained":[{"floor":6,"key":"Regen Potion"},{"floor":11,"key":"Poison Potion"},{"floor":14,"key":"SteroidPotion"},{"floor":18,"key":"Swift Potion"},{"floor":30,"key":"Strength Potion"},{"floor":35,"key":"Swift Potion"},{"floor":36,"key":"Dexterity Potion"},{"floor":38,"key":"SteroidPotion"},{"floor":55,"key":"Explosive Potion"}],"is_trial":false,"path_per_floor":["M","?","?","M","M","E","?","$","T","$","E","R","E","M","R","B",null,"M","?","M","M","?","E","R","E","T","$","R","M","E","$","R","B",null,"M","M","?","M","M","R","E","?","T","E","M","$","E","$","R","B","B",null,"R","$","E","B",null],"character_chosen":"IRONCLAD","items_purchased":["Bag of Preparation","SteroidPotion","Girya","Shrug It Off","DollysMirror","Heavy Blade"],"campfire_rested":0,"item_purchase_floors":[8,10,31,46,54,54],"current_hp_per_floor":[67,56,45,45,51,12,12,12,12,12,31,31,24,44,44,50,69,75,68,74,75,75,75,75,69,69,69,69,75,75,75,75,64,72,75,75,65,69,62,62,64,64,64,75,75,75,65,65,65,75,55,70,70,70,75,54],"gold":32,"neow_bonus":"UPGRADE_CARD","is_prod":false,"is_daily":false,"chose_seed":false,"campfire_upgraded":5,"win_rate":0,"timestamp":1556594156,"path_taken":["M","?","?","M","M","E","?","$","T","$","E","R","E","M","R","BOSS","M","?","?","M","?","E","R","E","T","$","R","?","E","$","R","BOSS","M","M","?","M","M","R","E","?","T","E","M","$","E","?","R","BOSS","BOSS","R","$","E","BOSS"],"build_version":"2019-04-23","purchased_purges":2,"victory":true,"max_hp_per_floor":[75,75,75,75,75,75,75,75,75,75,75,75,75,75,75,75,75,75,75,75,75,75,75,75,75,75,75,75,75,75,75,75,75,75,75,75,75,75,75,75,75,75,75,75,75,75,75,75,75,75,75,75,75,75,75,75],"card_choices":[{"not_picked":["Iron Wave","True Grit"],"picked":"Twin Strike","floor":1},{"not_picked":["Bloodletting","Dual Wield"],"picked":"Flame Barrier","floor":4},{"not_picked":["Clash","Rampage"],"picked":"Anger","floor":5},{"not_picked":["Flex","Blood for Blood","Clash"],"picked":"SKIP","floor":6},{"not_picked":["Ghostly Armor","Fire Breathing"],"picked":"Inflame","floor":11},{"not_picked":["Fiend Fire","Wild Strike"],"picked":"Reaper","floor":13},{"not_picked":["Body Slam","Thunderclap"],"picked":"Flame Barrier","floor":14},{"not_picked":["Intimidate","Warcry","Flex"],"picked":"SKIP","floor":18},{"not_picked":["Thunderclap","Armaments"],"picked":"Corruption+1","floor":20},{"not_picked":["Power Through","Disarm"],"picked":"Shockwave+1","floor":21},{"not_picked":["Ghostly Armor","Anger+1","Pommel Strike"],"picked":"SKIP","floor":23},{"not_picked":["Havoc","Body Slam"],"picked":"Flame Barrier","floor":25},{"not_picked":["Armaments","Berserk"],"picked":"Entrench+1","floor":29},{"not_picked":["Heavy Blade","Armaments"],"picked":"Whirlwind+1","floor":30},{"not_picked":["Fiend Fire","Impervious"],"picked":"Demon Form","floor":33},{"not_picked":["Rampage","Havoc+1","Searing Blow"],"picked":"SKIP","floor":35},{"not_picked":["Cleave","Headbutt+1"],"picked":"Uppercut+1","floor":36},{"not_picked":["Pommel Strike","Rage"],"picked":"Sword Boomerang","floor":38},{"not_picked":["Blood for Blood","Hemokinesis+1"],"picked":"Burning Pact+1","floor":39},{"not_picked":["Body Slam","True Grit","Immolate"],"picked":"SKIP","floor":41},{"not_picked":["Headbutt","Wild Strike","Immolate"],"picked":"SKIP","floor":44},{"not_picked":["Anger","Havoc+1"],"picked":"Ghostly Armor","floor":45},{"not_picked":["Clothesline","Havoc","Cleave+1"],"picked":"SKIP","floor":47},{"not_picked":["Wild Strike","Metallicize"],"picked":"Dark Embrace","floor":55}],"player_experience":5954215,"relics_obtained":[{"floor":6,"key":"Unceasing Top"},{"floor":9,"key":"Meat on the Bone"},{"floor":11,"key":"Pen Nib"},{"floor":13,"key":"Whetstone"},{"floor":23,"key":"Oddly Smooth Stone"},{"floor":25,"key":"Regal Pillow"},{"floor":30,"key":"Bag of Marbles"},{"floor":41,"key":"Ginger"},{"floor":43,"key":"Ornamental Fan"},{"floor":44,"key":"Lantern"},{"floor":47,"key":"Vajra"},{"floor":55,"key":"Gremlin Horn"}],"event_choices":[{"damage_healed":0,"gold_gain":0,"player_choice":"Success","damage_taken":11,"relics_obtained":["Letter Opener"],"max_hp_gain":0,"max_hp_loss":0,"event_name":"Scrap Ooze","floor":2,"gold_loss":0},{"damage_healed":0,"gold_gain":75,"player_choice":"Gather Gold","damage_taken":11,"max_hp_gain":0,"max_hp_loss":0,"event_name":"World of Goop","floor":3,"gold_loss":0},{"damage_healed":0,"gold_gain":72,"player_choice":"Gained Gold","damage_taken":0,"max_hp_gain":0,"max_hp_loss":0,"event_name":"Golden Wing","floor":7,"gold_loss":0},{"damage_healed":0,"gold_gain":50,"player_choice":"Touch","damage_taken":7,"max_hp_gain":0,"max_hp_loss":0,"event_name":"FaceTrader","floor":19,"gold_loss":0},{"damage_healed":0,"gold_gain":50,"player_choice":"Pray","damage_taken":0,"max_hp_gain":0,"max_hp_loss":0,"event_name":"Golden Shrine","floor":22,"gold_loss":0},{"damage_healed":0,"gold_gain":0,"player_choice":"Memory 3","damage_taken":10,"max_hp_gain":0,"max_hp_loss":0,"event_name":"SensoryStone","floor":37,"gold_loss":0},{"damage_healed":0,"gold_gain":0,"player_choice":"Ignored","damage_taken":0,"max_hp_gain":0,"max_hp_loss":0,"event_name":"Tomb of Lord Red Mask","floor":42,"gold_loss":0}],"is_beta":true,"boss_relics":[{"not_picked":["Tiny House","Mark of Pain"],"picked":"Snecko Eye"},{"not_picked":["Runic Dome","Pandora\u0027s Box"],"picked":"Astrolabe"}],"items_purged_floors":[10,27],"is_endless":false,"potions_floor_spawned":[6,11,14,18,29,30,35,36,38,45,55],"ascension_level":20}