{"gold_per_floor":[114,14,14,24,44,44,79,79,160,175,189,215,227,10,10,87,87,99,99,122,141,52,52,81,81,111,126,139,139,139,172,172,251,251,269,319,319,46,56,56,87,101,124,224,243,243,274,274,274,274,274,274,274,36,61,61],"floor_reached":57,"playtime":4899,"items_purged":["Strike_B","Strike_B+1"],"score":3012,"play_id":"9d0fcbbf-2cfb-46db-9d32-6eca39042580","local_time":"20190502152946","is_ascension_mode":true,"campfire_choices":[{"data":"Biased Cognition","floor":6,"key":"SMITH"},{"data":"Coolheaded","floor":8,"key":"SMITH"},{"data":"Hologram","floor":13,"key":"SMITH"},{"data":"Genetic Algorithm","floor":15,"key":"SMITH"},{"data":"Static Discharge","floor":23,"key":"SMITH"},{"data":"Buffer","floor":25,"key":"SMITH"},{"floor":29,"key":"REST"},{"data":"BootSequence","floor":32,"key":"SMITH"},{"data":"Capacitor","floor":40,"key":"SMITH"},{"floor":46,"key":"RECALL"},{"data":"Loop","floor":49,"key":"SMITH"},{"floor":53,"key":"REST"}],"neow_cost":"NONE","seed_source_timestamp":190152835680421,"circlet_count":0,"master_deck":["AscendersBane","Strike_B+1","Strike_B+1","Defend_B+1","Defend_B+1","Defend_B+1","Defend_B+1","Zap+1","Dualcast","Coolheaded+1","Ball Lightning","Biased Cognition+1","Genetic Algorithm","Genetic Algorithm+1","Hologram+1","Buffer+1","Compile Driver","Chill","Static Discharge+1","BootSequence+1","Echo Form","Doom and Gloom","Capacitor+1","Creative AI","Glacier+1","Genetic Algorithm","Loop+1","Genetic Algorithm+1","Biased Cognition","Creative AI","Coolheaded"],"relics":["Cracked Core","Ancient Tea Set","Art of War","Singing Bowl","MawBank","ClockworkSouvenir","Philosopher\u0027s Stone","Strawberry","Pen Nib","Tiny Chest","Pocketwatch","Snecko Eye","Torii","DataDisk","Juzu Bracelet","Du-Vu Doll","Dream Catcher","Bronze Scales"],"potions_floor_usage":[18,33,56,56],"damage_taken":[{"damage":1,"enemies":"Cultist","floor":1,"turns":3},{"damage":1,"enemies":"2 Louse","floor":4,"turns":3},{"damage":5,"enemies":"Jaw Worm","floor":5,"turns":3},{"damage":4,"enemies":"Lagavulin","floor":7,"turns":5},{"damage":0,"enemies":"Exordium Wildlife","floor":10,"turns":3},{"damage":0,"enemies":"Exordium Thugs","floor":11,"turns":4},{"damage":14,"enemies":"3 Sentries","floor":12,"turns":6},{"damage":0,"enemies":"The Guardian","floor":16,"turns":9},{"damage":6,"enemies":"2 Thieves","floor":18,"turns":4},{"damage":0,"enemies":"Chosen","floor":21,"turns":5},{"damage":24,"enemies":"Book of Stabbing","floor":24,"turns":4},{"damage":17,"enemies":"Centurion and Healer","floor":27,"turns":8},{"damage":0,"enemies":"Snecko","floor":28,"turns":6},{"damage":15,"enemies":"Gremlin Leader","floor":31,"turns":5},{"damage":0,"enemies":"Champ","floor":33,"turns":10},{"damage":0,"enemies":"3 Shapes","floor":35,"turns":7},{"damage":3,"enemies":"2 Orb Walkers","floor":36,"turns":5},{"damage":0,"enemies":"Orb Walker","floor":39,"turns":3},{"damage":8,"enemies":"Reptomancer","floor":41,"turns":4},{"damage":0,"enemies":"Jaw Worm Horde","floor":42,"turns":6},{"damage":0,"enemies":"Mind Bloom Boss Battle","floor":44,"turns":7},{"damage":0,"enemies":"3 Darklings","floor":45,"turns":9},{"damage":0,"enemies":"Giant Head","floor":47,"turns":13},{"damage":38,"enemies":"Awakened One","floor":50,"turns":30},{"damage":1,"enemies":"Donu and Deca","floor":51,"turns":15},{"damage":0,"enemies":"Shield and Spear","floor":55,"turns":7},{"damage":2,"enemies":"The Heart","floor":56,"turns":11}],"seed_played":"364903211302716944","potions_obtained":[{"floor":4,"key":"AttackPotion"},{"floor":7,"key":"Ancient Potion"},{"floor":11,"key":"Fire Potion"},{"floor":24,"key":"PowerPotion"},{"floor":33,"key":"PowerPotion"}],"is_trial":false,"path_per_floor":["M","$","?","M","M","R","E","R","T","M","M","E","R","$","R","B",null,"M","?","T","M","$","R","E","R","T","M","M","R","?","E","R","B",null,"M","?","?","$","M","R","E","M","T","?","M","R","E","?","R","B","B",null,"R","$","E","B",null],"character_chosen":"DEFECT","items_purchased":["Coolheaded","ClockworkSouvenir","Static Discharge","DataDisk","Creative AI","Coolheaded"],"campfire_rested":2,"item_purchase_floors":[2,14,22,38,54,54],"current_hp_per_floor":[63,63,63,62,57,57,53,53,53,55,55,41,41,41,41,41,65,59,59,66,66,66,66,44,44,44,29,31,56,56,41,41,41,75,75,72,72,72,72,72,64,64,64,66,66,66,66,62,62,24,23,76,96,96,98,96],"gold":61,"neow_bonus":"UPGRADE_CARD","is_prod":false,"is_daily":false,"chose_seed":false,"campfire_upgraded":9,"win_rate":0,"timestamp":1556836186,"path_taken":["M","?","?","?","M","R","E","R","T","M","M","E","R","$","R","BOSS","M","?","?","M","$","R","E","R","T","M","?","R","?","E","R","BOSS","M","?","?","$","?","R","E","M","T","?","M","R","E","?","R","BOSS","BOSS","R","$","E","BOSS"],"build_version":"2019-04-23","purchased_purges":2,"victory":true,"max_hp_per_floor":[71,71,71,71,71,71,71,71,71,73,73,73,73,73,73,73,73,73,73,80,80,80,80,82,82,82,84,86,86,86,86,86,86,86,86,86,86,86,86,86,86,86,86,88,88,88,88,94,94,94,94,94,96,96,98,98],"card_choices":[{"not_picked":["Aggregate","Steam"],"picked":"Compile Driver","floor":1},{"not_picked":["Cold Snap","White Noise"],"picked":"Ball Lightning","floor":4},{"not_picked":["Beam Cell","Turbo"],"picked":"Biased Cognition","floor":5},{"not_picked":["Go for the Eyes","Reinforced Body"],"picked":"Genetic Algorithm","floor":7},{"not_picked":["Heatsinks","Skim","Sweeping Beam"],"picked":"Singing Bowl","floor":10},{"not_picked":["Sweeping Beam","Capacitor"],"picked":"Genetic Algorithm","floor":11},{"not_picked":["Cold Snap","Conserve Battery"],"picked":"Hologram","floor":12},{"not_picked":["Thunder Strike","Multi-Cast"],"picked":"Buffer","floor":16},{"not_picked":["Go for the Eyes","Rebound+1"],"picked":"Compile Driver","floor":18},{"not_picked":["Force Field","Melter"],"picked":"Chill","floor":21},{"not_picked":["Reboot","Sweeping Beam","Stack"],"picked":"Singing Bowl","floor":24},{"not_picked":["Turbo","Gash","Beam Cell"],"picked":"Singing Bowl","floor":27},{"not_picked":["Ball Lightning","Consume","Compile Driver"],"picked":"Singing Bowl","floor":28},{"not_picked":["Ball Lightning","Stack"],"picked":"BootSequence","floor":31},{"not_picked":["Reboot","Core Surge"],"picked":"Echo Form","floor":33},{"not_picked":["Steam","Darkness"],"picked":"Doom and Gloom","floor":35},{"not_picked":["Conserve Battery","Stack"],"picked":"Capacitor","floor":36},{"not_picked":["BootSequence","Rebound"],"picked":"Glacier+1","floor":39},{"not_picked":["Consume+1","Hologram"],"picked":"Genetic Algorithm","floor":41},{"not_picked":["Conserve Battery+1","Cold Snap"],"picked":"Loop","floor":42},{"not_picked":["Gash","Lockon","Blizzard"],"picked":"Singing Bowl","floor":44},{"not_picked":["Hologram","Self Repair"],"picked":"Genetic Algorithm+1","floor":45},{"not_picked":["Heatsinks","Turbo+1"],"picked":"Biased Cognition","floor":47},{"not_picked":["Deep Breath","Thinking Ahead","Madness"],"picked":"Singing Bowl","floor":48},{"not_picked":["Trip","Finesse","Bandage Up"],"picked":"Singing Bowl","floor":48},{"not_picked":["PanicButton","Panacea","Violence"],"picked":"Singing Bowl","floor":48},{"not_picked":["Reprogram","Go for the Eyes+1","Turbo+1"],"picked":"Singing Bowl","floor":53},{"not_picked":["Genetic Algorithm+1","Ball Lightning","Self Repair"],"picked":"Singing Bowl","floor":55}],"player_experience":6056127,"relics_obtained":[{"floor":7,"key":"Art of War"},{"floor":9,"key":"Singing Bowl"},{"floor":12,"key":"MawBank"},{"floor":20,"key":"Strawberry"},{"floor":24,"key":"Pen Nib"},{"floor":26,"key":"Tiny Chest"},{"floor":31,"key":"Pocketwatch"},{"floor":36,"key":"Torii"},{"floor":41,"key":"Juzu Bracelet"},{"floor":44,"key":"Du-Vu Doll"},{"floor":47,"key":"Dream Catcher"},{"floor":55,"key":"Bronze Scales"}],"event_choices":[{"cards_removed":["Compile Driver"],"damage_healed":0,"gold_gain":0,"player_choice":"Gave Card","damage_taken":0,"relics_obtained":["Ancient Tea Set"],"max_hp_gain":0,"max_hp_loss":0,"event_name":"WeMeetAgain","floor":3,"gold_loss":0},{"damage_healed":0,"gold_gain":0,"player_choice":"Ignored","damage_taken":0,"max_hp_gain":0,"max_hp_loss":0,"event_name":"Vampires","floor":19,"gold_loss":0},{"damage_healed":0,"gold_gain":0,"player_choice":"Simplicity","damage_taken":0,"max_hp_gain":0,"max_hp_loss":0,"event_name":"Back to Basics","floor":30,"gold_loss":0,"cards_upgraded":["Strike_B","Strike_B","Strike_B","Defend_B","Defend_B","Defend_B","Defend_B"]},{"damage_healed":0,"gold_gain":0,"player_choice":"Fight","damage_taken":0,"max_hp_gain":0,"max_hp_loss":0,"event_name":"Mysterious Sphere","floor":36,"gold_loss":0},{"damage_healed":0,"gold_gain":0,"player_choice":"1 cards matched","damage_taken":0,"max_hp_gain":0,"max_hp_loss":0,"event_name":"Match and Keep!","floor":37,"gold_loss":0,"cards_obtained":["Creative AI"]},{"damage_healed":0,"gold_gain":0,"player_choice":"Fight","damage_taken":0,"max_hp_gain":0,"max_hp_loss":0,"event_name":"MindBloom","floor":44,"gold_loss":0},{"damage_healed":0,"gold_gain":0,"player_choice":"Memory 3","damage_taken":10,"max_hp_gain":0,"max_hp_loss":0,"event_name":"SensoryStone","floor":48,"gold_loss":0}],"is_beta":true,"boss_relics":[{"not_picked":["Orrery","Calling Bell"],"picked":"Philosopher\u0027s Stone"},{"not_picked":["Sozu","Velvet Choker"],"picked":"Snecko Eye"}],"items_purged_floors":[2,38],"is_endless":false,"potions_floor_spawned":[4,7,11,24,31,33,36,39,44,55],"ascension_level":20}