{"gold_per_floor":[111,111,111,36,36,36,65,10,34,54,68,68,68,80,80,153,153,172,172,32,32,32,32,59,59,113,142,160,188,199,217,217,294,294,308,308,91,111,74,101,44,72,72,72,72,119,131,164,164,164,164],"floor_reached":51,"playtime":3687,"items_purged":["Strike_G"],"score":1574,"play_id":"cdcf62b2-1018-4423-960a-2a5d640fb3de","local_time":"20190501152837","is_ascension_mode":true,"campfire_choices":[{"data":"Poisoned Stab","floor":6,"key":"SMITH"},{"floor":13,"key":"REST"},{"data":"Deadly Poison","floor":15,"key":"SMITH"},{"floor":23,"key":"REST"},{"data":"Predator","floor":25,"key":"SMITH"},{"data":"Corpse Explosion","floor":32,"key":"SMITH"},{"floor":49,"key":"RECALL"}],"neow_cost":"NONE","seed_source_timestamp":104915218235775,"circlet_count":0,"master_deck":["AscendersBane","Defend_G","Defend_G","Defend_G","Defend_G","Defend_G","Survivor","Neutralize+1","Poisoned Stab+1","Dagger Throw","Deadly Poison+1","Cloak And Dagger","Infinite Blades","Corpse Explosion+1","PiercingWail+1","Necronomicurse","Well Laid Plans","Bite","Bite","Bite","Bite","Predator+1","Backflip","Acrobatics","After Image","Footwork","After Image","Skewer","Dodge and Roll","Leg Sweep","Well Laid Plans","PiercingWail","Calculated Gamble","Apotheosis","Mind Blast","Good Instincts","Dodge and Roll+1","Calculated Gamble","PiercingWail"],"relics":["Ring of the Snake","Regal Pillow","Bag of Marbles","Philosopher\u0027s Stone","Necronomicon","Ninja Scroll","Vajra","Ornamental Fan","The Specimen","Coffee Dripper","Pen Nib","Juzu Bracelet","Frozen Egg 2","Mango","Potion Belt"],"potions_floor_usage":[16,24,27,29,33,50,50,50,50,50],"damage_taken":[{"damage":6,"enemies":"Cultist","floor":1,"turns":5},{"damage":44,"enemies":"Gremlin Nob","floor":7,"turns":6},{"damage":0,"enemies":"2 Louse","floor":10,"turns":2},{"damage":4,"enemies":"Small Slimes","floor":11,"turns":3},{"damage":4,"enemies":"3 Louse","floor":14,"turns":4},{"damage":28,"enemies":"Slime Boss","floor":16,"turns":10},{"damage":19,"enemies":"3 Byrds","floor":18,"turns":3},{"damage":24,"enemies":"Gremlin Leader","floor":24,"turns":8},{"damage":13,"enemies":"Book of Stabbing","floor":27,"turns":4},{"damage":4,"enemies":"Chosen","floor":28,"turns":3},{"damage":4,"enemies":"Slavers","floor":29,"turns":2},{"damage":0,"enemies":"Snecko","floor":30,"turns":4},{"damage":14,"enemies":"Snake Plant","floor":31,"turns":4},{"damage":7,"enemies":"Collector","floor":33,"turns":7},{"damage":1,"enemies":"3 Darklings","floor":35,"turns":6},{"damage":3,"enemies":"3 Shapes","floor":38,"turns":4},{"damage":23,"enemies":"Nemesis","floor":40,"turns":5},{"damage":8,"enemies":"Giant Head","floor":42,"turns":6},{"damage":0,"enemies":"2 Orb Walkers","floor":46,"turns":1},{"damage":0,"enemies":"Writhing Mass","floor":47,"turns":3},{"damage":12,"enemies":"Reptomancer","floor":48,"turns":2},{"damage":36,"enemies":"Awakened One","floor":50,"turns":17},{"damage":29,"enemies":"Time Eater","floor":51,"turns":4}],"seed_played":"-5803536301281677503","potions_obtained":[{"floor":16,"key":"Strength Potion"},{"floor":24,"key":"PowerPotion"},{"floor":27,"key":"Explosive Potion"},{"floor":33,"key":"Regen Potion"},{"floor":40,"key":"SteroidPotion"},{"floor":47,"key":"EntropicBrew"}],"is_trial":false,"path_per_floor":["M","?","?","$","?","R","E","$","T","M","M","?","R","M","R","B",null,"M","?","$","?","?","R","E","R","T","E","M","E","M","M","R","B",null,"M","?","$","M","$","E","$","E","T","?","?","?","M","E","R","B","B"],"character_chosen":"THE_SILENT","items_purchased":["Poison Potion","Well Laid Plans","Explosive Potion","Skewer","Pen Nib","Leg Sweep","PiercingWail"],"campfire_rested":2,"item_purchase_floors":[8,20,20,37,37,39,41],"current_hp_per_floor":[59,59,59,59,64,64,20,20,20,20,16,16,54,50,50,22,63,44,23,23,23,23,53,47,47,47,40,46,46,53,43,43,53,53,53,53,53,53,53,30,30,32,32,22,22,36,41,31,31,21,0],"gold":164,"neow_bonus":"TEN_PERCENT_HP_BONUS","is_prod":false,"is_daily":false,"chose_seed":false,"campfire_upgraded":4,"win_rate":0,"timestamp":1556749717,"path_taken":["M","?","?","$","?","R","E","$","T","M","M","?","R","M","R","BOSS","M","?","$","?","?","R","E","R","T","E","M","E","M","M","R","BOSS","M","?","$","M","?","E","$","E","T","?","?","?","M","E","R","BOSS","BOSS"],"build_version":"2019-04-23","purchased_purges":1,"victory":false,"max_hp_per_floor":[72,72,72,72,77,77,77,77,77,77,77,77,77,77,77,77,77,77,77,77,53,53,53,53,53,53,53,53,53,53,53,53,53,53,53,53,53,53,53,53,53,53,53,53,53,67,67,67,67,67,67],"card_choices":[{"not_picked":["Backflip","Bouncing Flask"],"picked":"Poisoned Stab","floor":1},{"not_picked":["Underhanded Strike","Quick Slash"],"picked":"Dagger Throw","floor":7},{"not_picked":["Distraction","Riddle With Holes"],"picked":"Deadly Poison","floor":10},{"not_picked":["Deadly Poison","Endless Agony"],"picked":"Cloak And Dagger","floor":11},{"not_picked":["Skewer","Bouncing Flask"],"picked":"Infinite Blades","floor":14},{"not_picked":["After Image","Night Terror"],"picked":"Corpse Explosion","floor":16},{"not_picked":["Backflip","Sucker Punch"],"picked":"PiercingWail+1","floor":18},{"not_picked":["Acrobatics","Poisoned Stab"],"picked":"Backflip","floor":24},{"not_picked":["Endless Agony","Outmaneuver"],"picked":"Acrobatics","floor":27},{"not_picked":["Acrobatics","Dagger Spray","Deadly Poison"],"picked":"SKIP","floor":28},{"not_picked":["Quick Slash","Masterful Stab","Acrobatics"],"picked":"SKIP","floor":29},{"not_picked":["Prepared","Reflex","Bane"],"picked":"SKIP","floor":30},{"not_picked":["Heel Hook","Masterful Stab","Acrobatics"],"picked":"SKIP","floor":31},{"not_picked":["Bullet Time","A Thousand Cuts"],"picked":"After Image","floor":33},{"not_picked":["Backstab","Bouncing Flask"],"picked":"Footwork","floor":35},{"not_picked":["Flying Knee+1","Dagger Throw+1"],"picked":"Dodge and Roll","floor":38},{"not_picked":["Heel Hook+1","Flying Knee"],"picked":"Well Laid Plans","floor":40},{"not_picked":["Setup","Bane+1"],"picked":"Calculated Gamble","floor":42},{"not_picked":["Madness","Dramatic Entrance"],"picked":"Apotheosis","floor":44},{"not_picked":["Violence","Secret Weapon"],"picked":"Mind Blast","floor":44},{"not_picked":["Chrysalis","Panacea"],"picked":"Good Instincts","floor":44},{"not_picked":["Dagger Spray","Caltrops+1"],"picked":"Dodge and Roll+1","floor":46},{"not_picked":["Heel Hook+1","Dodge and Roll+1"],"picked":"Calculated Gamble","floor":47},{"not_picked":["Quick Slash","Distraction"],"picked":"PiercingWail","floor":48}],"player_experience":6021371,"relics_obtained":[{"floor":7,"key":"Regal Pillow"},{"floor":9,"key":"Bag of Marbles"},{"floor":19,"key":"Necronomicon"},{"floor":24,"key":"Ninja Scroll"},{"floor":26,"key":"Vajra"},{"floor":27,"key":"Ornamental Fan"},{"floor":29,"key":"The Specimen"},{"floor":40,"key":"Juzu Bracelet"},{"floor":42,"key":"Frozen Egg 2"},{"floor":46,"key":"Mango"},{"floor":48,"key":"Potion Belt"}],"event_choices":[{"damage_healed":0,"gold_gain":0,"player_choice":"Leave","damage_taken":0,"max_hp_gain":0,"max_hp_loss":0,"event_name":"The Cleric","floor":2,"gold_loss":0},{"damage_healed":0,"gold_gain":0,"player_choice":"Grow","damage_taken":0,"max_hp_gain":0,"max_hp_loss":0,"event_name":"Living Wall","floor":3,"gold_loss":0,"cards_upgraded":["Neutralize"]},{"damage_healed":0,"gold_gain":0,"player_choice":"Donut","damage_taken":0,"max_hp_gain":5,"max_hp_loss":0,"event_name":"Big Fish","floor":5,"gold_loss":0},{"damage_healed":0,"gold_gain":0,"player_choice":"Ignored","damage_taken":0,"max_hp_gain":0,"max_hp_loss":0,"event_name":"Liars Game","floor":12,"gold_loss":0},{"damage_healed":0,"gold_gain":0,"player_choice":"Obtained Book","damage_taken":21,"max_hp_gain":0,"max_hp_loss":0,"event_name":"Cursed Tome","floor":19,"gold_loss":0},{"damage_healed":0,"gold_gain":0,"player_choice":"Became a vampire","damage_taken":0,"max_hp_gain":0,"max_hp_loss":24,"event_name":"Vampires","floor":21,"gold_loss":0,"cards_obtained":["Bite","Bite","Bite","Bite","Bite"]},{"damage_healed":0,"gold_gain":0,"player_choice":"Read","damage_taken":0,"max_hp_gain":0,"max_hp_loss":0,"event_name":"The Library","floor":22,"gold_loss":0,"cards_obtained":["Predator"]},{"damage_healed":0,"gold_gain":0,"player_choice":"1 cards matched","damage_taken":0,"max_hp_gain":0,"max_hp_loss":0,"event_name":"Match and Keep!","floor":36,"gold_loss":0,"cards_obtained":["After Image"]},{"damage_healed":0,"gold_gain":0,"player_choice":"Memory 3","damage_taken":10,"max_hp_gain":0,"max_hp_loss":0,"event_name":"SensoryStone","floor":44,"gold_loss":0},{"cards_removed":["Bite"],"damage_healed":0,"gold_gain":0,"player_choice":"Removed Attack","damage_taken":0,"max_hp_gain":0,"max_hp_loss":0,"event_name":"Falling","floor":45,"gold_loss":0},{"damage_healed":0,"gold_gain":0,"player_choice":"Fight","damage_taken":0,"max_hp_gain":0,"max_hp_loss":0,"event_name":"Mysterious Sphere","floor":46,"gold_loss":0}],"is_beta":true,"boss_relics":[{"not_picked":["Eternal Feather","Ring of the Serpent"],"picked":"Philosopher\u0027s Stone"},{"not_picked":["HoveringKite","Orrery"],"picked":"Coffee Dripper"}],"items_purged_floors":[4],"is_endless":false,"potions_floor_spawned":[16,24,27,28,33,40,42,47],"killed_by":"Time Eater","ascension_level":20}