{"gold_per_floor":[116,116,41,6,6,6,24,24,101,135,35,45,45,70,70,144,144,163,10,28,28,28,28,28],"floor_reached":24,"playtime":711,"items_purged":["Strike_B","Strike_B","Strike_B"],"score":400,"play_id":"eee75de7-de84-42e0-a926-1034647edba1","local_time":"20190430181522","is_ascension_mode":true,"campfire_choices":[{"data":"Defragment","floor":6,"key":"SMITH"},{"floor":13,"key":"REST"},{"data":"Defragment","floor":15,"key":"SMITH"},{"data":"Biased Cognition","floor":23,"key":"SMITH"}],"neow_cost":"NONE","seed_source_timestamp":31494381818480,"circlet_count":0,"master_deck":["AscendersBane","Strike_B+1","Defend_B","Defend_B","Defend_B","Defend_B","Zap+1","Dualcast","Defragment+1","Defragment+1","Undo","Static Discharge+1","Sweeping Beam","Conserve Battery","Loop","Darkness","Biased Cognition+1","Go for the Eyes","Ghostly","Ghostly","Ghostly"],"relics":["Orrery","Kunai","Pantograph","Regal Pillow","Black Star"],"potions_floor_usage":[24],"damage_taken":[{"damage":12,"enemies":"Jaw Worm","floor":1,"turns":4},{"damage":0,"enemies":"2 Louse","floor":7,"turns":3},{"damage":10,"enemies":"Lagavulin","floor":10,"turns":6},{"damage":15,"enemies":"Small Slimes","floor":12,"turns":2},{"damage":15,"enemies":"3 Sentries","floor":14,"turns":5},{"damage":40,"enemies":"Hexaghost","floor":16,"turns":5},{"damage":32,"enemies":"Chosen","floor":18,"turns":6},{"damage":5,"enemies":"3 Byrds","floor":20,"turns":2},{"damage":25,"enemies":"Slavers","floor":24,"turns":2}],"seed_played":"5784335872155001371","potions_obtained":[{"floor":7,"key":"SteroidPotion"},{"floor":12,"key":"Poison Potion"}],"is_trial":false,"path_per_floor":["M","?","$","?","?","R","M","?","T","E","$","M","R","E","R","B",null,"M","$","M","?","?","R","E"],"character_chosen":"DEFECT","items_purchased":["Go for the Eyes"],"campfire_rested":1,"item_purchase_floors":[19],"current_hp_per_floor":[52,31,31,48,48,48,48,53,53,43,43,28,50,35,35,20,62,30,30,25,25,25,25,0],"gold":28,"neow_bonus":"BOSS_RELIC","is_prod":false,"is_daily":false,"chose_seed":false,"campfire_upgraded":3,"win_rate":0,"timestamp":1556673322,"path_taken":["M","?","$","?","?","R","M","?","T","E","?","M","R","E","R","BOSS","M","$","M","?","?","R","E"],"build_version":"2019-04-23","purchased_purges":3,"victory":false,"max_hp_per_floor":[71,71,71,71,71,71,71,76,76,76,76,76,76,76,76,76,76,76,76,76,38,38,38,38],"card_choices":[{"not_picked":["Beam Cell","Blizzard"],"picked":"Defragment","floor":0},{"not_picked":["Consume","Steam"],"picked":"Defragment","floor":0},{"not_picked":["Streamline","Turbo"],"picked":"Undo","floor":0},{"not_picked":["Undo","Steam"],"picked":"Static Discharge","floor":0},{"not_picked":["Redo","Storm"],"picked":"Sweeping Beam","floor":0},{"not_picked":["Turbo","Go for the Eyes"],"picked":"Conserve Battery","floor":1},{"not_picked":["Barrage","Sunder"],"picked":"Loop","floor":7},{"not_picked":["Melter","Barrage"],"picked":"Darkness","floor":10},{"not_picked":["Tempest","Auto Shields","Reinforced Body"],"picked":"SKIP","floor":12},{"not_picked":["Rip and Tear","White Noise","Tempest"],"picked":"SKIP","floor":14},{"not_picked":["Amplify","Machine Learning"],"picked":"Biased Cognition","floor":16},{"not_picked":["Stack","Leap","Skim"],"picked":"SKIP","floor":18},{"not_picked":["Gash","Redo","Meteor Strike"],"picked":"SKIP","floor":20}],"player_experience":5998970,"relics_obtained":[{"floor":9,"key":"Kunai"},{"floor":10,"key":"Pantograph"},{"floor":14,"key":"Regal Pillow"}],"event_choices":[{"damage_healed":0,"gold_gain":0,"player_choice":"Entered Light","damage_taken":21,"max_hp_gain":0,"max_hp_loss":0,"event_name":"Shining Light","floor":2,"gold_loss":0,"cards_upgraded":["Strike_B","Zap"]},{"damage_healed":17,"gold_gain":0,"player_choice":"Healed","damage_taken":0,"max_hp_gain":0,"max_hp_loss":0,"event_name":"The Cleric","floor":4,"gold_loss":35},{"damage_healed":0,"gold_gain":0,"player_choice":"Grow","damage_taken":0,"max_hp_gain":0,"max_hp_loss":0,"event_name":"Living Wall","floor":5,"gold_loss":0,"cards_upgraded":["Static Discharge"]},{"damage_healed":0,"gold_gain":0,"player_choice":"Donut","damage_taken":0,"max_hp_gain":5,"max_hp_loss":0,"event_name":"Big Fish","floor":8,"gold_loss":0},{"damage_healed":0,"gold_gain":0,"player_choice":"Became a Ghost","damage_taken":0,"max_hp_gain":0,"max_hp_loss":38,"event_name":"Ghosts","floor":21,"gold_loss":0,"cards_obtained":["Ghostly","Ghostly","Ghostly"]},{"damage_healed":0,"gold_gain":0,"player_choice":"Ignored","damage_taken":0,"max_hp_gain":0,"max_hp_loss":0,"event_name":"The Mausoleum","floor":22,"gold_loss":0}],"is_beta":true,"boss_relics":[{"not_picked":["Calling Bell","Lizard Tail"],"picked":"Black Star"}],"items_purged_floors":[3,11,19],"is_endless":false,"potions_floor_spawned":[7,12,14],"killed_by":"Slavers","ascension_level":20}