{"gold_per_floor":[115,5,5,25,45,45,56,0,0,0,327,337,368,20,20,93,93,109,140,140,160,175,175,205,205,231,231,258,270,284,302,302,376,376,396,412,203,255,100,127,127,349,349,349,364,376,411,428,428,428,428,428,428,15,49,49],"floor_reached":57,"playtime":5945,"items_purged":["Strike_G","Choke","Dagger Throw","Finisher"],"score":2634,"play_id":"cfa83ada-ad8f-434d-bba4-12a21d001c4b","local_time":"20190429232942","is_ascension_mode":true,"campfire_choices":[{"data":"Bouncing Flask","floor":6,"key":"SMITH"},{"data":"Neutralize","floor":10,"key":"SMITH"},{"data":"Footwork","floor":15,"key":"SMITH"},{"data":"A Thousand Cuts","floor":23,"key":"SMITH"},{"data":"Flechettes","floor":25,"key":"SMITH"},{"floor":27,"key":"REST"},{"data":"Strike_G","floor":32,"key":"PURGE"},{"floor":41,"key":"RECALL"},{"data":"Footwork","floor":49,"key":"SMITH"},{"data":"Envenom","floor":53,"key":"SMITH"}],"neow_cost":"NONE","seed_source_timestamp":205089645552615,"circlet_count":0,"master_deck":["AscendersBane","Survivor","Neutralize+1","Bouncing Flask+1","Dodge and Roll","Flechettes+1","A Thousand Cuts+1","Calculated Gamble","Footwork+1","Slice","Backflip","Escape Plan","Malaise","Backflip","Blade Dance+1","Envenom+1","Accuracy","Well Laid Plans","Calculated Gamble","Malaise","Deflect","PiercingWail","Flechettes","Footwork+1","PiercingWail","PiercingWail+1","Caltrops+1","PiercingWail","Deflect+1","PiercingWail"],"relics":["Ring of the Snake","Bird Faced Urn","Peace Pipe","Old Coin","Shuriken","Ninja Scroll","Runic Pyramid","Red Mask","Vajra","Lantern","Centennial Puzzle","Pandora\u0027s Box","Prayer Wheel","Juzu Bracelet","StoneCalendar","ClockworkSouvenir","Anchor"],"potions_floor_usage":[11,13,16,19,24,33,33,38,56,56],"damage_taken":[{"damage":12,"enemies":"Jaw Worm","floor":1,"turns":9},{"damage":1,"enemies":"Cultist","floor":4,"turns":5},{"damage":4,"enemies":"2 Louse","floor":5,"turns":3},{"damage":10,"enemies":"Exordium Wildlife","floor":7,"turns":4},{"damage":8,"enemies":"Gremlin Nob","floor":11,"turns":3},{"damage":6,"enemies":"Looter","floor":12,"turns":3},{"damage":11,"enemies":"Lagavulin","floor":13,"turns":7},{"damage":19,"enemies":"Hexaghost","floor":16,"turns":9},{"damage":3,"enemies":"Shell Parasite","floor":18,"turns":7},{"damage":16,"enemies":"Masked Bandits","floor":19,"turns":4},{"damage":0,"enemies":"3 Byrds","floor":21,"turns":5},{"damage":12,"enemies":"Cultist and Chosen","floor":22,"turns":7},{"damage":27,"enemies":"Slavers","floor":24,"turns":6},{"damage":0,"enemies":"Sentry and Sphere","floor":29,"turns":3},{"damage":5,"enemies":"Snake Plant","floor":30,"turns":5},{"damage":7,"enemies":"Snecko","floor":31,"turns":5},{"damage":13,"enemies":"Automaton","floor":33,"turns":9},{"damage":36,"enemies":"3 Darklings","floor":35,"turns":4},{"damage":0,"enemies":"Orb Walker","floor":36,"turns":3},{"damage":12,"enemies":"2 Orb Walkers","floor":38,"turns":4},{"damage":14,"enemies":"Nemesis","floor":40,"turns":6},{"damage":0,"enemies":"Maw","floor":45,"turns":8},{"damage":0,"enemies":"Sphere and 2 Shapes","floor":46,"turns":6},{"damage":14,"enemies":"Giant Head","floor":47,"turns":6},{"damage":0,"enemies":"4 Shapes","floor":48,"turns":5},{"damage":10,"enemies":"Awakened One","floor":50,"turns":21},{"damage":61,"enemies":"Donu and Deca","floor":51,"turns":12},{"damage":29,"enemies":"Shield and Spear","floor":55,"turns":9},{"damage":56,"enemies":"The Heart","floor":56,"turns":13}],"seed_played":"-7116620418529465994","potions_obtained":[{"floor":4,"key":"Swift Potion"},{"floor":7,"key":"PowerPotion"},{"floor":12,"key":"Strength Potion"},{"floor":18,"key":"Swift Potion"},{"floor":19,"key":"Swift Potion"},{"floor":21,"key":"SpeedPotion"},{"floor":29,"key":"Ancient Potion"},{"floor":33,"key":"Swift Potion"},{"floor":36,"key":"Weak Potion"},{"floor":40,"key":"Dexterity Potion"},{"floor":47,"key":"SteroidPotion"}],"is_trial":false,"path_per_floor":["M","$","?","M","M","R","M","?","T","R","E","M","E","$","R","B",null,"M","?","?","M","M","R","E","R","T","R","T","M","M","M","R","B",null,"M","M","$","?","$","E","R","?","T","?","M","M","E","M","R","B","B",null,"R","$","E","B",null],"character_chosen":"THE_SILENT","items_purchased":["Strength Potion","PiercingWail","Ninja Scroll","PiercingWail","Flechettes","PiercingWail","ClockworkSouvenir","PiercingWail"],"campfire_rested":1,"item_purchase_floors":[2,2,14,37,37,39,54,54],"current_hp_per_floor":[53,53,53,52,48,48,38,38,38,38,30,26,19,19,19,2,55,56,44,44,48,40,40,17,17,17,38,38,42,39,36,36,27,61,35,43,43,37,37,35,35,35,35,35,47,57,51,65,65,69,22,60,60,60,45,3],"gold":49,"neow_bonus":"TEN_PERCENT_HP_BONUS","is_prod":false,"is_daily":false,"chose_seed":false,"campfire_upgraded":7,"win_rate":0,"timestamp":1556605782,"path_taken":["M","$","?","M","?","R","M","?","T","R","E","M","E","?","R","BOSS","M","?","?","M","M","R","E","R","T","R","?","M","M","?","R","BOSS","M","M","$","?","$","E","R","?","T","?","M","M","E","M","R","BOSS","BOSS","R","$","E","BOSS"],"build_version":"2019-04-23","purchased_purges":4,"victory":true,"max_hp_per_floor":[72,72,72,72,72,72,72,72,72,72,72,72,72,72,72,72,72,72,72,72,72,72,72,72,72,72,72,72,72,72,72,72,72,72,72,72,72,72,72,72,72,72,72,72,72,72,72,72,72,72,72,72,72,72,72,72],"card_choices":[{"not_picked":["Calculated Gamble","Acrobatics"],"picked":"Dagger Throw","floor":1},{"not_picked":["Underhanded Strike","Cloak And Dagger"],"picked":"Bouncing Flask","floor":4},{"not_picked":["Calculated Gamble","Dagger Spray"],"picked":"Dodge and Roll","floor":5},{"not_picked":["Tactician","Riddle With Holes"],"picked":"Flechettes","floor":7},{"not_picked":["Riddle With Holes","Poisoned Stab"],"picked":"A Thousand Cuts","floor":11},{"not_picked":["Tactician","Dagger Throw"],"picked":"Calculated Gamble","floor":12},{"not_picked":["Outmaneuver","Sucker Punch"],"picked":"Footwork","floor":13},{"not_picked":["Sucker Punch","Prepared"],"picked":"Slice","floor":18},{"not_picked":["Outmaneuver","Prepared"],"picked":"Backflip","floor":19},{"not_picked":["Sucker Punch","Masterful Stab","Prepared"],"picked":"SKIP","floor":21},{"not_picked":["Bouncing Flask","Backflip"],"picked":"Escape Plan","floor":22},{"not_picked":["Cloak And Dagger","Underhanded Strike"],"picked":"Malaise","floor":29},{"not_picked":["Acrobatics","Dagger Throw"],"picked":"Backflip","floor":30},{"not_picked":["Flying Knee","Skewer"],"picked":"Blade Dance+1","floor":31},{"not_picked":["Tools of the Trade","Venomology"],"picked":"Envenom","floor":33},{"not_picked":["Sucker Punch","Caltrops","Endless Agony"],"picked":"SKIP","floor":35},{"not_picked":["Accuracy","Backstab","Blade Dance"],"picked":"SKIP","floor":36},{"not_picked":["Deflect","Acrobatics"],"picked":"Footwork","floor":38},{"not_picked":["Dagger Spray","Venomology","Bouncing Flask"],"picked":"SKIP","floor":40},{"not_picked":["Accuracy","Acrobatics+1","Blade Dance+1"],"picked":"SKIP","floor":45},{"not_picked":["Deadly Poison","Sucker Punch","Underhanded Strike+1"],"picked":"SKIP","floor":45},{"not_picked":["Noxious Fumes","Eviscerate+1"],"picked":"PiercingWail+1","floor":46},{"not_picked":["Dagger Spray","Cloak And Dagger"],"picked":"Caltrops+1","floor":46},{"not_picked":["All Out Attack","Reflex"],"picked":"PiercingWail","floor":47},{"not_picked":["Bane+1","Endless Agony+1"],"picked":"Deflect+1","floor":48},{"not_picked":["Sucker Punch+1","Flying Knee","Acrobatics+1"],"picked":"SKIP","floor":48},{"not_picked":["Dash","Underhanded Strike","Backflip"],"picked":"SKIP","floor":55}],"player_experience":5981297,"relics_obtained":[{"floor":9,"key":"Peace Pipe"},{"floor":11,"key":"Old Coin"},{"floor":13,"key":"Shuriken"},{"floor":19,"key":"Red Mask"},{"floor":24,"key":"Vajra"},{"floor":26,"key":"Lantern"},{"floor":28,"key":"Centennial Puzzle"},{"floor":38,"key":"Prayer Wheel"},{"floor":40,"key":"Juzu Bracelet"},{"floor":47,"key":"StoneCalendar"},{"floor":55,"key":"Anchor"}],"event_choices":[{"cards_removed":["PiercingWail"],"damage_healed":0,"gold_gain":0,"player_choice":"Gave Card","damage_taken":0,"relics_obtained":["Bird Faced Urn"],"max_hp_gain":0,"max_hp_loss":0,"event_name":"WeMeetAgain","floor":3,"gold_loss":0},{"damage_healed":0,"gold_gain":0,"player_choice":"Left Gold","damage_taken":0,"max_hp_gain":0,"max_hp_loss":0,"event_name":"World of Goop","floor":8,"gold_loss":56},{"damage_healed":0,"gold_gain":0,"player_choice":"Fought Bandits","damage_taken":0,"max_hp_gain":0,"max_hp_loss":0,"event_name":"Masked Bandits","floor":19,"gold_loss":0},{"damage_healed":0,"gold_gain":0,"player_choice":"Ignored","damage_taken":0,"max_hp_gain":0,"max_hp_loss":0,"event_name":"The Mausoleum","floor":20,"gold_loss":0},{"damage_healed":0,"gold_gain":0,"player_choice":"Fight","damage_taken":0,"max_hp_gain":0,"max_hp_loss":0,"event_name":"Mysterious Sphere","floor":38,"gold_loss":0},{"damage_healed":0,"gold_gain":222,"player_choice":"Wore Mask","damage_taken":0,"max_hp_gain":0,"max_hp_loss":0,"event_name":"Tomb of Lord Red Mask","floor":42,"gold_loss":0},{"cards_removed":["Deadly Poison"],"damage_healed":0,"gold_gain":0,"player_choice":"Removed Skill","damage_taken":0,"max_hp_gain":0,"max_hp_loss":0,"event_name":"Falling","floor":44,"gold_loss":0}],"is_beta":true,"boss_relics":[{"not_picked":["Fusion Hammer","Philosopher\u0027s Stone"],"picked":"Runic Pyramid"},{"not_picked":["Lizard Tail","WristBlade"],"picked":"Pandora\u0027s Box"}],"items_purged_floors":[14,37,39,54],"is_endless":false,"potions_floor_spawned":[4,5,7,12,18,19,21,29,33,36,40,45,47],"ascension_level":20}