{"gold_per_floor":[118,137,7,20,120,150,150,163,163,197,208,220,220,233,233,307,307,325,325,340,84,84,84,94,124,197,197,216,241,241,18,18,96,96,109,0,0,0,0,0,0,12,58,74,109,123,155,173,173,173,173,173,173,21,49,49],"floor_reached":56,"playtime":6419,"items_purged":["Strike_B","Hyperbeam"],"score":2014,"play_id":"1814b0f7-8405-45fd-8d07-736bb32f20a1","local_time":"20190425161351","is_ascension_mode":true,"campfire_choices":[{"data":"Zap","floor":7,"key":"SMITH"},{"data":"Defragment","floor":13,"key":"SMITH"},{"data":"Hologram","floor":15,"key":"SMITH"},{"data":"Biased Cognition","floor":23,"key":"SMITH"},{"data":"Loop","floor":32,"key":"SMITH"},{"floor":41,"key":"REST"},{"floor":49,"key":"RECALL"},{"data":"Steam Power","floor":53,"key":"SMITH"}],"neow_cost":"NONE","seed_source_timestamp":268056401806607,"circlet_count":0,"master_deck":["AscendersBane","Dualcast","Hologram+1","Ball Lightning","Conserve Battery","Chill","Sweeping Beam","Genetic Algorithm","Defragment+1","Genetic Algorithm","Compile Driver","Fusion","Leap","Multi-Cast","Fusion","Darkness","Steam Power+1","Biased Cognition+1","Hologram","Ghostly","Ghostly","Ghostly","Compile Driver","Loop+1","Doom and Gloom+1","Turbo","Echo Form","Core Surge","Creative AI","Stack+1","Hologram+1","Creative AI","Coolheaded","Leap+1"],"relics":["Cracked Core","Boot","The Courier","Cables","Ornamental Fan","Pandora\u0027s Box","Strange Spoon","Bag of Marbles","Pantograph","Pen Nib","Velvet Choker","Red Mask","Question Card","Omamori","Blood Vial"],"potions_floor_usage":[29,29,47,55,56],"damage_taken":[{"damage":0,"enemies":"Cultist","floor":1,"turns":4},{"damage":2,"enemies":"Jaw Worm","floor":2,"turns":4},{"damage":1,"enemies":"2 Louse","floor":4,"turns":2},{"damage":13,"enemies":"Lagavulin","floor":6,"turns":6},{"damage":2,"enemies":"2 Fungi Beasts","floor":8,"turns":3},{"damage":0,"enemies":"3 Sentries","floor":10,"turns":7},{"damage":6,"enemies":"Large Slime","floor":11,"turns":5},{"damage":3,"enemies":"Looter","floor":12,"turns":3},{"damage":0,"enemies":"Exordium Thugs","floor":14,"turns":4},{"damage":25,"enemies":"Hexaghost","floor":16,"turns":8},{"damage":22,"enemies":"Chosen","floor":18,"turns":6},{"damage":1,"enemies":"Shell Parasite","floor":20,"turns":5},{"damage":3,"enemies":"Snake Plant","floor":24,"turns":4},{"damage":9,"enemies":"Book of Stabbing","floor":25,"turns":5},{"damage":1,"enemies":"Cultist and Chosen","floor":28,"turns":6},{"damage":0,"enemies":"Slavers","floor":29,"turns":6},{"damage":15,"enemies":"Automaton","floor":33,"turns":10},{"damage":24,"enemies":"3 Darklings","floor":35,"turns":8},{"damage":5,"enemies":"3 Shapes","floor":42,"turns":5},{"damage":0,"enemies":"Sphere and 2 Shapes","floor":44,"turns":19},{"damage":3,"enemies":"Nemesis","floor":45,"turns":7},{"damage":0,"enemies":"Spire Growth","floor":46,"turns":8},{"damage":9,"enemies":"Reptomancer","floor":47,"turns":9},{"damage":17,"enemies":"4 Shapes","floor":48,"turns":4},{"damage":2,"enemies":"Donu and Deca","floor":50,"turns":12},{"damage":24,"enemies":"Time Eater","floor":51,"turns":14},{"damage":12,"enemies":"Shield and Spear","floor":55,"turns":8},{"damage":40,"enemies":"The Heart","floor":56,"turns":11}],"seed_played":"744301944745641379","potions_obtained":[{"floor":2,"key":"Swift Potion"},{"floor":14,"key":"GamblersBrew"},{"floor":20,"key":"Energy Potion"},{"floor":42,"key":"Weak Potion"},{"floor":44,"key":"Strength Potion"},{"floor":45,"key":"Energy Potion"},{"floor":46,"key":"Regen Potion"}],"is_trial":false,"path_per_floor":["M","M","$","M","?","E","R","M","T","E","M","M","R","M","R","B",null,"M","?","M","$","?","R","M","E","T","?","M","E","?","$","R","B",null,"M","?","?","?","?","?","R","M","T","M","E","M","E","M","R","B","B",null,"R","$","E","B"],"character_chosen":"DEFECT","items_purchased":["Block Potion","Strange Spoon","Loop","Core Surge","Creative AI","PowerPotion","Coolheaded"],"campfire_rested":1,"item_purchase_floors":[3,21,21,31,54,54,54],"current_hp_per_floor":[64,62,62,61,61,48,48,46,46,46,40,37,37,37,37,12,56,34,34,33,33,26,26,23,14,14,14,13,13,13,13,13,23,36,12,12,12,12,12,12,24,19,19,19,16,16,22,5,5,28,16,34,34,34,22,0],"gold":49,"neow_bonus":"RANDOM_COMMON_RELIC","is_prod":false,"is_daily":false,"chose_seed":false,"campfire_upgraded":6,"win_rate":0,"timestamp":1556234031,"path_taken":["M","M","$","?","?","E","R","M","T","E","M","?","R","M","R","BOSS","M","?","M","$","?","R","M","E","T","?","M","E","?","?","R","BOSS","M","?","?","?","?","?","R","M","T","?","E","M","E","M","R","BOSS","BOSS","R","$","E","BOSS"],"build_version":"2019-04-23","purchased_purges":2,"victory":false,"max_hp_per_floor":[71,71,71,71,71,71,71,71,71,71,71,71,71,71,71,71,71,71,35,35,35,40,40,40,40,40,40,40,40,40,40,40,40,40,40,40,40,40,40,40,40,40,40,40,40,40,40,40,40,40,40,40,40,40,40,40],"card_choices":[{"not_picked":["Stack","Capacitor"],"picked":"Hologram","floor":1},{"not_picked":["Static Discharge","Leap"],"picked":"Ball Lightning","floor":2},{"not_picked":["Consume","Go for the Eyes"],"picked":"Conserve Battery","floor":4},{"not_picked":["Leap","Compile Driver"],"picked":"Chill","floor":6},{"not_picked":["Cold Snap","Reprogram"],"picked":"Sweeping Beam","floor":8},{"not_picked":["Multi-Cast","Beam Cell"],"picked":"Genetic Algorithm","floor":10},{"not_picked":["Chill","Skim"],"picked":"Defragment","floor":11},{"not_picked":["Fusion","White Noise"],"picked":"Genetic Algorithm","floor":12},{"not_picked":["Redo","Barrage"],"picked":"Compile Driver","floor":14},{"not_picked":["Reboot","Buffer"],"picked":"Hyperbeam","floor":16},{"not_picked":["Loop","Ball Lightning"],"picked":"Hologram","floor":18},{"not_picked":["Ball Lightning","Leap"],"picked":"Compile Driver","floor":20},{"not_picked":["Compile Driver","Beam Cell+1","Sweeping Beam"],"picked":"SKIP","floor":24},{"not_picked":["Chill","Ball Lightning"],"picked":"Doom and Gloom+1","floor":25},{"not_picked":["Redo","Sweeping Beam"],"picked":"Turbo","floor":28},{"not_picked":["Double Energy","Cold Snap","Barrage"],"picked":"SKIP","floor":29},{"not_picked":["All For One","Core Surge"],"picked":"Creative AI","floor":33},{"not_picked":["Blizzard+1","Aggregate","Rip and Tear"],"picked":"SKIP","floor":35},{"not_picked":["Steam Power","Beam Cell","Sunder"],"picked":"SKIP","floor":42},{"not_picked":["Barrage","Storm+1","Fusion"],"picked":"SKIP","floor":44},{"not_picked":["Barrage","Doom and Gloom+1"],"picked":"Stack+1","floor":45},{"not_picked":["Go for the Eyes","Gash","Leap","Beam Cell"],"picked":"SKIP","floor":46},{"not_picked":["Leap","Ball Lightning","Steam"],"picked":"Hologram+1","floor":47},{"not_picked":["Ball Lightning","Sweeping Beam","Turbo","Hello World"],"picked":"SKIP","floor":48},{"not_picked":["Streamline","Buffer","Beam Cell"],"picked":"Leap+1","floor":55}],"player_experience":5845940,"relics_obtained":[{"floor":6,"key":"The Courier"},{"floor":9,"key":"Cables"},{"floor":10,"key":"Ornamental Fan"},{"floor":25,"key":"Bag of Marbles"},{"floor":26,"key":"Pantograph"},{"floor":29,"key":"Pen Nib"},{"floor":45,"key":"Question Card"},{"floor":47,"key":"Omamori"},{"floor":55,"key":"Blood Vial"}],"event_choices":[{"damage_healed":0,"gold_gain":100,"player_choice":"Gold","damage_taken":0,"max_hp_gain":0,"max_hp_loss":0,"event_name":"Wheel of Change","floor":5,"gold_loss":0},{"damage_healed":0,"gold_gain":0,"player_choice":"Became a Ghost","damage_taken":0,"max_hp_gain":0,"max_hp_loss":36,"event_name":"Ghosts","floor":19,"gold_loss":0,"cards_obtained":["Ghostly","Ghostly","Ghostly"]},{"damage_healed":0,"gold_gain":0,"player_choice":"Shed Blood","damage_taken":12,"max_hp_gain":5,"max_hp_loss":0,"event_name":"Forgotten Altar","floor":22,"gold_loss":0},{"damage_healed":0,"gold_gain":0,"player_choice":"Ignored","damage_taken":0,"max_hp_gain":0,"max_hp_loss":0,"event_name":"The Mausoleum","floor":27,"gold_loss":0},{"damage_healed":0,"gold_gain":0,"player_choice":"Read","damage_taken":0,"max_hp_gain":0,"max_hp_loss":0,"event_name":"The Library","floor":30,"gold_loss":0,"cards_obtained":["Echo Form"]},{"damage_healed":0,"gold_gain":0,"player_choice":"Paid","damage_taken":0,"relics_obtained":["Red Mask"],"max_hp_gain":0,"max_hp_loss":0,"event_name":"Tomb of Lord Red Mask","floor":36,"gold_loss":109},{"damage_healed":0,"gold_gain":0,"player_choice":"Memory 1","damage_taken":0,"max_hp_gain":0,"max_hp_loss":0,"event_name":"SensoryStone","floor":37,"gold_loss":0},{"cards_removed":["Zap"],"damage_healed":0,"gold_gain":0,"player_choice":"Removed Skill","damage_taken":0,"max_hp_gain":0,"max_hp_loss":0,"event_name":"Falling","floor":38,"gold_loss":0},{"damage_healed":0,"gold_gain":0,"player_choice":"Ignored","damage_taken":0,"max_hp_gain":0,"max_hp_loss":0,"event_name":"Mysterious Sphere","floor":39,"gold_loss":0},{"damage_healed":0,"gold_gain":0,"player_choice":"0 cards matched","damage_taken":0,"max_hp_gain":0,"max_hp_loss":0,"event_name":"Match and Keep!","floor":40,"gold_loss":0,"cards_obtained":[]}],"is_beta":true,"boss_relics":[{"not_picked":["Runic Dome","Calling Bell"],"picked":"Pandora\u0027s Box"},{"not_picked":["Eternal Feather","Orrery"],"picked":"Velvet Choker"}],"items_purged_floors":[3,31],"is_endless":false,"potions_floor_spawned":[2,4,11,12,14,20,28,42,44,45,46],"killed_by":"The Heart","ascension_level":20}