{"gold_per_floor":[111,111,132,132,152,152,193,193,241,582,582,557,19,70,70,163,163,183,133,147,163,163,163,182,182,182,201,9,9,9,28,28,127,127,142,158,158,171,504,530,530,557,582,601,620,620,201,212,212,212,212,212,212,3,33,33],"floor_reached":57,"playtime":3650,"items_purged":["Strike_G","Riddle With Holes","Masterful Stab"],"score":2844,"play_id":"28afe579-34d9-4eb2-8a6e-14f9430841c9","local_time":"20190503193556","is_ascension_mode":true,"campfire_choices":[{"floor":6,"key":"REST"},{"floor":8,"key":"REST"},{"data":"Noxious Fumes","floor":15,"key":"SMITH"},{"floor":23,"key":"REST"},{"data":"Wraith Form v2","floor":25,"key":"SMITH"},{"data":"A Thousand Cuts","floor":32,"key":"SMITH"},{"floor":46,"key":"RECALL"},{"data":"Footwork","floor":49,"key":"SMITH"},{"data":"Crippling Poison","floor":53,"key":"SMITH"}],"neow_cost":"NONE","seed_source_timestamp":292572105377496,"circlet_count":0,"master_deck":["AscendersBane","Survivor","Neutralize+1","Noxious Fumes+1","Quick Slash","Malaise","Crippling Poison+1","Cloak And Dagger+1","A Thousand Cuts+1","Wraith Form v2+1","Catalyst+1","Sucker Punch","Caltrops","Backflip+1","Malaise+1","Deadly Poison+1","PiercingWail+1","Footwork","Doppelganger+1","PiercingWail+1","Night Terror+1","Deflect+1","Deflect+1","Cloak And Dagger+1","Backflip+1","Crippling Poison+1","Acrobatics+1","Footwork+1","Deflect+1","Dark Shackles+1","Secret Technique+1","Well Laid Plans","PiercingWail+1","Thinking Ahead+1"],"relics":["Ring of the Snake","Blood Vial","Gambling Chip","Happy Flower","Old Coin","Potion Belt","Membership Card","Toxic Egg 2","Art of War","Centennial Puzzle","Pandora\u0027s Box","Calipers","Bronze Scales","Toy Ornithopter","Enchiridion","Coffee Dripper","Omamori","Letter Opener","Mummified Hand","Dodecahedron"],"potions_floor_usage":[7,35,42,56,56,56,56],"damage_taken":[{"damage":0,"enemies":"2 Louse","floor":1,"turns":4},{"damage":17,"enemies":"Jaw Worm","floor":3,"turns":6},{"damage":3,"enemies":"Cultist","floor":5,"turns":4},{"damage":24,"enemies":"Gremlin Nob","floor":7,"turns":5},{"damage":24,"enemies":"3 Sentries","floor":10,"turns":9},{"damage":3,"enemies":"Exordium Thugs","floor":12,"turns":4},{"damage":3,"enemies":"Hexaghost","floor":16,"turns":11},{"damage":5,"enemies":"Shell Parasite","floor":18,"turns":5},{"damage":2,"enemies":"Chosen","floor":20,"turns":4},{"damage":15,"enemies":"Centurion and Healer","floor":21,"turns":7},{"damage":0,"enemies":"Snecko","floor":24,"turns":5},{"damage":0,"enemies":"Chosen and Byrds","floor":27,"turns":4},{"damage":0,"enemies":"Snake Plant","floor":31,"turns":4},{"damage":13,"enemies":"Collector","floor":33,"turns":7},{"damage":1,"enemies":"3 Shapes","floor":35,"turns":3},{"damage":3,"enemies":"3 Darklings","floor":36,"turns":4},{"damage":0,"enemies":"Spire Growth","floor":38,"turns":5},{"damage":6,"enemies":"Giant Head","floor":40,"turns":4},{"damage":15,"enemies":"Nemesis","floor":42,"turns":3},{"damage":0,"enemies":"Sphere and 2 Shapes","floor":44,"turns":4},{"damage":0,"enemies":"4 Shapes","floor":45,"turns":4},{"damage":0,"enemies":"Writhing Mass","floor":48,"turns":2},{"damage":0,"enemies":"Donu and Deca","floor":50,"turns":8},{"damage":0,"enemies":"Time Eater","floor":51,"turns":5},{"damage":1,"enemies":"Shield and Spear","floor":55,"turns":7},{"damage":8,"enemies":"The Heart","floor":56,"turns":5}],"seed_played":"5177097765786202493","potions_obtained":[{"floor":1,"key":"Ancient Potion"},{"floor":3,"key":"GhostInAJar"},{"floor":10,"key":"Ancient Potion"},{"floor":16,"key":"SpeedPotion"},{"floor":21,"key":"Regen Potion"},{"floor":27,"key":"Ancient Potion"},{"floor":36,"key":"GamblersBrew"},{"floor":44,"key":"GamblersBrew"},{"floor":45,"key":"Dexterity Potion"},{"floor":48,"key":"Ancient Potion"}],"is_trial":false,"path_per_floor":["M","?","M","?","M","R","E","R","T","E","T","M","$","T","R","B",null,"M","?","M","M","?","R","M","R","T","M","$","?","$","M","R","B",null,"M","M","?","M","?","E","?","E","T","M","M","R","$","M","R","B","B",null,"R","$","E","B",null],"character_chosen":"THE_SILENT","items_purchased":["Membership Card","Toxic Egg 2","Art of War","Cloak And Dagger+1","SteroidPotion","Bronze Scales","Toy Ornithopter","Mummified Hand","Acrobatics+1","Footwork","Deflect+1","Dark Shackles+1","Secret Technique+1","Well Laid Plans","PiercingWail+1","Thinking Ahead+1"],"campfire_rested":3,"item_purchase_floors":[13,13,13,13,13,28,28,47,47,47,47,47,47,54,54,54],"current_hp_per_floor":[59,59,42,24,23,41,19,37,37,15,15,14,14,14,14,13,48,45,45,45,32,32,50,52,52,52,54,54,33,33,35,35,24,51,57,56,56,58,58,54,54,46,46,48,50,50,50,52,52,54,56,59,59,59,59,60],"gold":33,"neow_bonus":"UPGRADE_CARD","is_prod":false,"is_daily":false,"chose_seed":false,"campfire_upgraded":5,"win_rate":0,"timestamp":1556937356,"path_taken":["M","?","M","?","M","R","E","R","T","E","?","?","?","?","R","BOSS","M","?","?","?","?","R","M","R","T","M","$","?","?","M","R","BOSS","M","M","?","M","?","E","?","E","T","M","?","R","?","M","R","BOSS","BOSS","R","$","E","BOSS"],"build_version":"2019-04-23","purchased_purges":3,"victory":true,"max_hp_per_floor":[66,60,60,60,60,60,60,60,60,60,60,60,60,60,60,60,60,60,60,60,60,60,60,60,60,60,60,60,60,60,60,60,60,60,60,60,60,60,60,60,60,60,60,60,60,60,60,60,60,60,60,60,60,60,60,60],"card_choices":[{"not_picked":["Bane","Slice"],"picked":"Noxious Fumes","floor":1},{"not_picked":["Deadly Poison","Blade Dance"],"picked":"Quick Slash","floor":3},{"not_picked":["Dagger Spray","Tactician"],"picked":"Masterful Stab","floor":5},{"not_picked":["Reflex","Leg Sweep"],"picked":"Malaise","floor":7},{"not_picked":["Backflip","Noxious Fumes"],"picked":"Crippling Poison","floor":10},{"not_picked":["Dagger Throw","Predator","Blade Dance"],"picked":"SKIP","floor":12},{"not_picked":["Venomology+1","Grand Finale"],"picked":"A Thousand Cuts","floor":16},{"not_picked":["Dagger Throw","Predator"],"picked":"Deadly Poison+1","floor":18},{"not_picked":["Underhanded Strike","Backflip+1"],"picked":"PiercingWail+1","floor":20},{"not_picked":["Outmaneuver+1","Terror+1"],"picked":"Footwork","floor":21},{"not_picked":["Sucker Punch","Distraction+1","Dagger Spray"],"picked":"SKIP","floor":24},{"not_picked":["Choke","Blade Dance+1"],"picked":"Doppelganger+1","floor":27},{"not_picked":["Skewer","Dodge and Roll+1"],"picked":"PiercingWail+1","floor":31},{"not_picked":["Grand Finale","Die Die Die"],"picked":"Night Terror+1","floor":33},{"not_picked":["Riddle With Holes","Setup+1","Masterful Stab+1"],"picked":"SKIP","floor":35},{"not_picked":["Underhanded Strike","Outmaneuver+1"],"picked":"Deflect+1","floor":36},{"not_picked":["Eviscerate+1","Flying Knee","Concentrate+1"],"picked":"SKIP","floor":38},{"not_picked":["Dash","Heel Hook"],"picked":"Deflect+1","floor":40},{"not_picked":["PiercingWail+1","Slice"],"picked":"Backflip+1","floor":42},{"not_picked":["Dagger Throw","Quick Slash"],"picked":"Crippling Poison+1","floor":44},{"not_picked":["Predator","Slice","Unload"],"picked":"SKIP","floor":45},{"not_picked":["Deflect+1","Dash","Riddle With Holes"],"picked":"SKIP","floor":48},{"not_picked":["Dagger Spray","Slice","Eviscerate"],"picked":"SKIP","floor":55}],"player_experience":6112197,"relics_obtained":[{"floor":7,"key":"Gambling Chip"},{"floor":9,"key":"Happy Flower"},{"floor":10,"key":"Old Coin"},{"floor":11,"key":"Potion Belt"},{"floor":14,"key":"Centennial Puzzle"},{"floor":26,"key":"Calipers"},{"floor":29,"key":"Enchiridion"},{"floor":40,"key":"Omamori"},{"floor":42,"key":"Letter Opener"},{"floor":55,"key":"Dodecahedron"}],"event_choices":[{"damage_healed":0,"gold_gain":0,"player_choice":"Lose Max HP","damage_taken":0,"relics_obtained":["Golden Idol"],"max_hp_gain":0,"max_hp_loss":6,"event_name":"Golden Idol","floor":2,"gold_loss":0},{"damage_healed":0,"gold_gain":0,"player_choice":"Success","damage_taken":18,"relics_obtained":["Blood Vial"],"max_hp_gain":0,"max_hp_loss":0,"event_name":"Scrap Ooze","floor":4,"gold_loss":0},{"damage_healed":0,"gold_gain":0,"player_choice":"Bet on Owner","damage_taken":0,"max_hp_gain":0,"max_hp_loss":0,"event_name":"The Joust","floor":19,"gold_loss":50},{"damage_healed":0,"gold_gain":0,"player_choice":"Ignored","damage_taken":0,"max_hp_gain":0,"max_hp_loss":0,"event_name":"Beggar","floor":22,"gold_loss":0},{"damage_healed":0,"gold_gain":0,"player_choice":"Obtained Book","damage_taken":21,"max_hp_gain":0,"max_hp_loss":0,"event_name":"Cursed Tome","floor":29,"gold_loss":0},{"cards_removed":["Dash"],"damage_healed":0,"gold_gain":0,"player_choice":"Removed Attack","damage_taken":0,"max_hp_gain":0,"max_hp_loss":0,"event_name":"Falling","floor":37,"gold_loss":0},{"damage_healed":0,"gold_gain":333,"player_choice":"Gave Idol","damage_taken":0,"max_hp_gain":0,"max_hp_loss":0,"event_name":"The Moai Head","floor":39,"relics_lost":["Golden Idol"],"gold_loss":0},{"damage_healed":0,"gold_gain":0,"cards_transformed":["Bane"],"player_choice":"Transformed","damage_taken":0,"max_hp_gain":0,"max_hp_loss":0,"event_name":"Transmorgrifier","floor":41,"gold_loss":0,"cards_obtained":["Cloak And Dagger"]}],"is_beta":true,"boss_relics":[{"not_picked":["HoveringKite","White Beast Statue"],"picked":"Pandora\u0027s Box"},{"not_picked":["WristBlade","Astrolabe"],"picked":"Coffee Dripper"}],"items_purged_floors":[13,47,54],"is_endless":false,"potions_floor_spawned":[1,3,10,16,21,24,27,36,44,45,48,55],"ascension_level":20}