{"gold_per_floor":[116,18,32,46,46,76,76,108,135,135,146,146,165,192,192,271,271,285,265,285,295,345,345,356,42,42,68,68,68,68,93,93,167,167,181,181,22,32,32,32,64,79,105,105,121,138,138,165,165,165,165,165,165,0,25,25],"floor_reached":57,"playtime":3362,"items_purged":["Strike_R"],"score":3086,"play_id":"451dbc70-4002-4bfc-b681-8d163fa48103","local_time":"20190423153453","is_ascension_mode":true,"campfire_choices":[{"data":"Combust","floor":7,"key":"SMITH"},{"data":"Juggernaut","floor":10,"key":"SMITH"},{"data":"Disarm","floor":15,"key":"SMITH"},{"floor":23,"key":"REST"},{"data":"Feel No Pain","floor":28,"key":"SMITH"},{"floor":30,"key":"REST"},{"data":"Armaments","floor":32,"key":"SMITH"},{"data":"Feed","floor":40,"key":"SMITH"},{"data":"Feel No Pain","floor":44,"key":"SMITH"},{"floor":47,"key":"RECALL"},{"data":"Uppercut","floor":49,"key":"SMITH"},{"floor":53,"key":"REST"}],"neow_cost":"TEN_PERCENT_HP_LOSS","seed_source_timestamp":95948364682752,"circlet_count":0,"master_deck":["AscendersBane","Defend_R","Defend_R","Defend_R+1","Defend_R","Offering+1","Pommel Strike","Metallicize","Combust+1","Shrug It Off","Disarm+1","Juggernaut+1","Armaments+1","Burning Pact","Feed+1","Uppercut+1","Clothesline","Feel No Pain+1","Barricade","Corruption","Necronomicurse","Dark Embrace","Bloodletting+1","Exhume+1","Barricade+1","Body Slam+1","Entrench+1","Shrug It Off+1","Feel No Pain+1","Shrug It Off+1","Shrug It Off+1","Dual Wield+1","Exhume+1"],"relics":["Burning Blood","Blood Vial","Happy Flower","Champion Belt","Anchor","Pear","Snecko Eye","Toxic Egg 2","Mummified Hand","Lantern","Necronomicon","Self Forming Clay","Astrolabe","Dodecahedron","Sundial","War Paint"],"potions_floor_usage":[6,8,8,20,41,48,55,56,56],"damage_taken":[{"damage":10,"enemies":"Jaw Worm","floor":1,"turns":3},{"damage":0,"enemies":"2 Louse","floor":3,"turns":4},{"damage":2,"enemies":"Cultist","floor":4,"turns":4},{"damage":18,"enemies":"Gremlin Nob","floor":6,"turns":3},{"damage":13,"enemies":"Lagavulin","floor":8,"turns":8},{"damage":2,"enemies":"Looter","floor":11,"turns":4},{"damage":4,"enemies":"Gremlin Gang","floor":13,"turns":3},{"damage":12,"enemies":"3 Sentries","floor":14,"turns":4},{"damage":33,"enemies":"Hexaghost","floor":16,"turns":10},{"damage":28,"enemies":"Spheric Guardian","floor":18,"turns":4},{"damage":8,"enemies":"Shell Parasite","floor":20,"turns":5},{"damage":20,"enemies":"Cultist and Chosen","floor":21,"turns":5},{"damage":16,"enemies":"Shelled Parasite and Fungi","floor":24,"turns":6},{"damage":27,"enemies":"Gremlin Leader","floor":27,"turns":5},{"damage":2,"enemies":"Slavers","floor":31,"turns":3},{"damage":24,"enemies":"Collector","floor":33,"turns":6},{"damage":4,"enemies":"3 Darklings","floor":35,"turns":2},{"damage":9,"enemies":"3 Shapes","floor":38,"turns":4},{"damage":7,"enemies":"Reptomancer","floor":41,"turns":3},{"damage":6,"enemies":"Writhing Mass","floor":42,"turns":3},{"damage":0,"enemies":"Maw","floor":45,"turns":4},{"damage":6,"enemies":"Spire Growth","floor":46,"turns":7},{"damage":3,"enemies":"Nemesis","floor":48,"turns":7},{"damage":13,"enemies":"Donu and Deca","floor":50,"turns":6},{"damage":15,"enemies":"Awakened One","floor":51,"turns":4},{"damage":0,"enemies":"Shield and Spear","floor":55,"turns":3},{"damage":15,"enemies":"The Heart","floor":56,"turns":6}],"seed_played":"1515423256679719292","potions_obtained":[{"floor":4,"key":"SpeedPotion"},{"floor":6,"key":"EssenceOfSteel"},{"floor":8,"key":"Swift Potion"},{"floor":14,"key":"SkillPotion"},{"floor":19,"key":"Regen Potion"},{"floor":20,"key":"SpeedPotion"},{"floor":27,"key":"Energy Potion"},{"floor":42,"key":"Swift Potion"},{"floor":48,"key":"SkillPotion"},{"floor":55,"key":"GamblersBrew"}],"is_trial":false,"path_per_floor":["M","$","M","M","?","E","R","E","T","R","M","?","M","E","R","B",null,"M","?","M","M","?","R","M","$","T","E","R","?","R","E","R","B",null,"M","?","$","M","?","R","E","M","T","R","M","M","R","E","R","B","B",null,"R","$","E","B",null],"character_chosen":"IRONCLAD","items_purchased":["Metallicize","Strength Potion","Corruption","Toxic Egg 2","Entrench+1","Exhume+1"],"campfire_rested":3,"item_purchase_floors":[2,2,25,25,37,54],"current_hp_per_floor":[64,64,68,68,50,40,40,35,35,35,41,34,38,44,44,19,63,43,43,60,51,43,68,63,63,63,48,48,27,54,63,63,51,86,94,94,94,96,96,96,101,107,107,107,112,116,116,116,116,117,118,129,132,132,136,131],"gold":25,"neow_bonus":"THREE_RARE_CARDS","is_prod":false,"is_daily":false,"chose_seed":false,"campfire_upgraded":8,"win_rate":0,"timestamp":1556058893,"path_taken":["M","$","M","M","?","E","R","E","T","R","M","?","M","E","R","BOSS","M","?","?","M","?","R","?","$","T","E","R","?","R","E","R","BOSS","M","?","$","M","?","R","E","M","T","R","M","M","R","E","R","BOSS","BOSS","R","$","E","BOSS"],"build_version":"2019-04-21","purchased_purges":1,"victory":true,"max_hp_per_floor":[68,68,68,68,68,68,68,68,68,68,68,68,68,78,78,78,78,78,78,81,84,84,84,87,87,87,91,91,91,91,94,94,98,98,102,102,102,105,100,100,104,108,108,108,112,116,116,116,116,124,132,132,132,132,136,140],"card_choices":[{"not_picked":["Barricade","Brutality"],"picked":"Offering","floor":0},{"not_picked":["Power Through","Entrench"],"picked":"Pommel Strike","floor":1},{"not_picked":["Warcry","Cleave"],"picked":"Combust","floor":3},{"not_picked":["Clash","Rage"],"picked":"Shrug It Off","floor":4},{"not_picked":["Sword Boomerang","Carnage"],"picked":"Disarm","floor":6},{"not_picked":["Blood for Blood","Headbutt"],"picked":"Juggernaut","floor":8},{"not_picked":["Perfected Strike","Hemokinesis","Twin Strike"],"picked":"SKIP","floor":11},{"not_picked":["Headbutt","Iron Wave"],"picked":"Armaments","floor":13},{"not_picked":["Fiend Fire","Havoc"],"picked":"Burning Pact","floor":14},{"not_picked":["Fiend Fire","Juggernaut"],"picked":"Feed","floor":16},{"not_picked":["Warcry+1","Seeing Red"],"picked":"Uppercut","floor":18},{"not_picked":["Iron Wave+1","Pommel Strike+1"],"picked":"Clothesline","floor":20},{"not_picked":["Headbutt","Rampage"],"picked":"Feel No Pain","floor":21},{"not_picked":["Flex","Pommel Strike"],"picked":"Barricade","floor":24},{"not_picked":["Heavy Blade+1","Anger","Spot Weakness+1"],"picked":"SKIP","floor":27},{"not_picked":["Flex+1","Pommel Strike","Body Slam"],"picked":"SKIP","floor":31},{"not_picked":["Offering+1","Immolate"],"picked":"Dark Embrace","floor":33},{"not_picked":["Wild Strike+1","Sword Boomerang"],"picked":"Body Slam+1","floor":35},{"not_picked":["Battle Trance+1","Flex+1"],"picked":"Shrug It Off+1","floor":38},{"not_picked":["True Grit+1","Rupture"],"picked":"Feel No Pain","floor":41},{"not_picked":["Iron Wave","Headbutt"],"picked":"Shrug It Off+1","floor":42},{"not_picked":["Clothesline","Blood for Blood"],"picked":"Shrug It Off+1","floor":45},{"not_picked":["Carnage","Heavy Blade"],"picked":"Dual Wield+1","floor":46},{"not_picked":["Blood for Blood","Sword Boomerang+1","Twin Strike"],"picked":"SKIP","floor":48},{"not_picked":["Cleave","Uppercut","Pummel"],"picked":"SKIP","floor":55}],"player_experience":5796160,"relics_obtained":[{"floor":6,"key":"Happy Flower"},{"floor":8,"key":"Champion Belt"},{"floor":9,"key":"Anchor"},{"floor":14,"key":"Pear"},{"floor":26,"key":"Mummified Hand"},{"floor":27,"key":"Lantern"},{"floor":29,"key":"Necronomicon"},{"floor":31,"key":"Self Forming Clay"},{"floor":41,"key":"Dodecahedron"},{"floor":48,"key":"Sundial"},{"floor":55,"key":"War Paint"}],"event_choices":[{"damage_healed":0,"gold_gain":0,"player_choice":"Success","damage_taken":18,"relics_obtained":["Blood Vial"],"max_hp_gain":0,"max_hp_loss":0,"event_name":"Scrap Ooze","floor":5,"gold_loss":0},{"cards_removed":["Strike_R"],"damage_healed":0,"gold_gain":0,"player_choice":"Card Removal","damage_taken":7,"max_hp_gain":0,"max_hp_loss":0,"event_name":"Golden Wing","floor":12,"gold_loss":0},{"damage_healed":0,"gold_gain":0,"player_choice":"Bought 1 Potion","damage_taken":0,"max_hp_gain":0,"max_hp_loss":0,"event_name":"The Woman in Blue","floor":19,"gold_loss":0},{"damage_healed":0,"gold_gain":50,"player_choice":"Touch","damage_taken":8,"max_hp_gain":0,"max_hp_loss":0,"event_name":"FaceTrader","floor":22,"gold_loss":0},{"damage_healed":0,"gold_gain":0,"player_choice":"Obtained Book","damage_taken":21,"max_hp_gain":0,"max_hp_loss":0,"event_name":"Cursed Tome","floor":29,"gold_loss":0},{"cards_removed":["Bash"],"damage_healed":0,"gold_gain":0,"player_choice":"Removed Attack","damage_taken":0,"max_hp_gain":0,"max_hp_loss":0,"event_name":"Falling","floor":36,"gold_loss":0},{"damage_healed":0,"gold_gain":0,"player_choice":"Max HP","damage_taken":0,"max_hp_gain":0,"max_hp_loss":5,"event_name":"Winding Halls","floor":39,"gold_loss":0}],"is_beta":true,"boss_relics":[{"not_picked":["Philosopher\u0027s Stone","Ectoplasm"],"picked":"Snecko Eye"},{"not_picked":["Black Blood","Orrery"],"picked":"Astrolabe"}],"items_purged_floors":[37],"is_endless":false,"potions_floor_spawned":[4,6,8,14,18,20,27,42,45,48,55],"ascension_level":20}