{"gold_per_floor":[113,125,139,139,152,152,13,13,13,39,39,39,39,2,2,74,74,92,92,17,29,48,62,62,62,62,94,94,123,134,154,154,225,225,241,221,233,233,258,286,304,146,146,146,164,164,193,204,204,204,204,204,204,0,28,28],"floor_reached":57,"playtime":4434,"items_purged":["Strike_G","Strike_G","Strike_G+1"],"score":2650,"play_id":"c13ee847-b3f0-4f86-8f86-b78df5b48670","local_time":"20190426184010","is_ascension_mode":true,"campfire_choices":[{"data":"Neutralize","floor":6,"key":"SMITH"},{"data":"Dagger Spray","floor":11,"key":"SMITH"},{"data":"Footwork","floor":13,"key":"SMITH"},{"floor":15,"key":"REST"},{"data":"Corpse Explosion","floor":25,"key":"SMITH"},{"data":"Deadly Poison","floor":28,"key":"SMITH"},{"data":"Well Laid Plans","floor":32,"key":"SMITH"},{"data":"Bouncing Flask","floor":44,"key":"SMITH"},{"floor":46,"key":"RECALL"},{"data":"Malaise","floor":49,"key":"SMITH"},{"floor":53,"key":"REST"}],"neow_cost":"NONE","seed_source_timestamp":365199526029656,"circlet_count":0,"master_deck":["AscendersBane","Defend_G","Defend_G","Defend_G+1","Defend_G","Defend_G","Strike_G+1","Strike_G+1","Survivor","Neutralize+1","Backflip","Dagger Spray+1","Poisoned Stab","Footwork+1","Deadly Poison+1","Well Laid Plans+1","Bouncing Flask+1","Corpse Explosion+1","Calculated Gamble","Deflect+1","Cloak And Dagger","Calculated Gamble","Wraith Form v2+1","Footwork+1","Malaise+1","PiercingWail","PiercingWail","PiercingWail","Acrobatics","Acrobatics","Well Laid Plans+1","Backflip"],"relics":["Ring of the Snake","Torii","Philosopher\u0027s Stone","Nloth\u0027s Gift","Strawberry","Meat on the Bone","Frozen Egg 2","Velvet Choker","Bag of Preparation","Whetstone","Mercury Hourglass","Happy Flower"],"potions_floor_usage":[5,22,23,40,56,56],"damage_taken":[{"damage":0,"enemies":"2 Louse","floor":1,"turns":4},{"damage":6,"enemies":"Small Slimes","floor":2,"turns":7},{"damage":6,"enemies":"Cultist","floor":3,"turns":4},{"damage":26,"enemies":"Lots of Slimes","floor":5,"turns":6},{"damage":10,"enemies":"Lagavulin","floor":10,"turns":8},{"damage":10,"enemies":"Slime Boss","floor":16,"turns":11},{"damage":0,"enemies":"3 Byrds","floor":18,"turns":2},{"damage":16,"enemies":"Chosen","floor":21,"turns":5},{"damage":32,"enemies":"Snecko","floor":22,"turns":5},{"damage":7,"enemies":"Snake Plant","floor":23,"turns":4},{"damage":19,"enemies":"Slavers","floor":27,"turns":4},{"damage":11,"enemies":"Gremlin Leader","floor":29,"turns":7},{"damage":14,"enemies":"Shelled Parasite and Fungi","floor":30,"turns":7},{"damage":6,"enemies":"3 Cultists","floor":31,"turns":4},{"damage":33,"enemies":"Champ","floor":33,"turns":14},{"damage":15,"enemies":"3 Darklings","floor":35,"turns":5},{"damage":2,"enemies":"Orb Walker","floor":37,"turns":5},{"damage":30,"enemies":"Giant Head","floor":40,"turns":12},{"damage":19,"enemies":"Spire Growth","floor":41,"turns":7},{"damage":3,"enemies":"Sphere and 2 Shapes","floor":45,"turns":5},{"damage":4,"enemies":"Nemesis","floor":47,"turns":9},{"damage":4,"enemies":"Maw","floor":48,"turns":9},{"damage":10,"enemies":"Donu and Deca","floor":50,"turns":11},{"damage":23,"enemies":"Awakened One","floor":51,"turns":21},{"damage":7,"enemies":"Shield and Spear","floor":55,"turns":6},{"damage":64,"enemies":"The Heart","floor":56,"turns":15}],"seed_played":"-3493728938327621312","potions_obtained":[{"floor":2,"key":"Regen Potion"},{"floor":18,"key":"SkillPotion"},{"floor":22,"key":"Weak Potion"},{"floor":29,"key":"GhostInAJar"},{"floor":33,"key":"GamblersBrew"},{"floor":36,"key":"Weak Potion"},{"floor":41,"key":"Energy Potion"},{"floor":55,"key":"Dexterity Potion"}],"is_trial":false,"path_per_floor":["M","M","M","?","M","R","$","?","T","E","R","?","R","$","R","B",null,"M","?","$","M","M","M","?","R","T","E","R","E","M","M","R","B",null,"M","?","M","?","T","E","M","$","T","R","M","R","E","M","R","B","B",null,"R","$","E","B",null],"character_chosen":"THE_SILENT","items_purchased":["Footwork","Deadly Poison","Bouncing Flask","Acrobatics","GamblersBrew"],"campfire_rested":2,"item_purchase_floors":[7,7,14,42,54],"current_hp_per_floor":[65,59,53,58,47,47,47,24,24,14,14,14,14,14,37,27,65,65,65,65,49,17,10,77,77,84,65,65,54,52,46,46,25,69,54,54,52,52,52,34,27,27,27,27,36,36,44,52,52,54,43,74,84,84,77,25],"gold":28,"neow_bonus":"TEN_PERCENT_HP_BONUS","is_prod":false,"is_daily":false,"chose_seed":false,"campfire_upgraded":8,"win_rate":0,"timestamp":1556329210,"path_taken":["M","M","M","?","M","R","$","?","T","E","R","?","R","?","R","BOSS","M","?","?","M","M","?","?","R","T","E","R","E","M","M","R","BOSS","M","?","?","?","?","E","M","$","T","R","M","R","E","M","R","BOSS","BOSS","R","$","E","BOSS"],"build_version":"2019-04-23","purchased_purges":3,"victory":true,"max_hp_per_floor":[72,72,72,77,77,77,77,77,77,77,77,77,77,77,77,77,77,77,77,77,77,77,77,77,77,84,84,84,84,84,84,84,84,84,84,84,84,84,84,84,84,84,84,84,84,84,84,84,84,84,84,84,84,84,84,84],"card_choices":[{"not_picked":["Underhanded Strike","Blade Dance"],"picked":"Backflip","floor":1},{"not_picked":["Flying Knee","Deflect"],"picked":"Dagger Spray","floor":2},{"not_picked":["Outmaneuver","Tactician"],"picked":"Infinite Blades","floor":3},{"not_picked":["Concentrate","Dagger Spray"],"picked":"Poisoned Stab","floor":5},{"not_picked":["Accuracy","Cloak And Dagger"],"picked":"Well Laid Plans","floor":10},{"not_picked":["Phantasmal Killer","Glass Knife"],"picked":"Corpse Explosion","floor":16},{"not_picked":["Caltrops","Eviscerate"],"picked":"Calculated Gamble","floor":18},{"not_picked":["Dodge and Roll","Deadly Poison"],"picked":"Deflect+1","floor":21},{"not_picked":["Prepared","Bouncing Flask","Slice"],"picked":"SKIP","floor":22},{"not_picked":["Blade Dance","Reflex"],"picked":"Cloak And Dagger","floor":23},{"not_picked":["Storm of Steel","Phantasmal Killer"],"picked":"Calculated Gamble","floor":27},{"not_picked":["Prepared","Deadly Poison"],"picked":"Wraith Form v2","floor":29},{"not_picked":["Heel Hook","Deflect","Blade Dance"],"picked":"SKIP","floor":30},{"not_picked":["Blur","Accuracy+1"],"picked":"Footwork+1","floor":31},{"not_picked":["Adrenaline","Corpse Explosion"],"picked":"Malaise","floor":33},{"not_picked":["Choke","Flying Knee","Sucker Punch+1"],"picked":"SKIP","floor":35},{"not_picked":["Slice","Cloak And Dagger"],"picked":"PiercingWail","floor":37},{"not_picked":["Envenom+1","Acrobatics"],"picked":"PiercingWail","floor":40},{"not_picked":["Deflect+1","Sucker Punch"],"picked":"PiercingWail","floor":41},{"not_picked":["Outmaneuver","Terror"],"picked":"Acrobatics","floor":45},{"not_picked":["Prepared","Underhanded Strike"],"picked":"Well Laid Plans+1","floor":47},{"not_picked":["A Thousand Cuts+1","Masterful Stab"],"picked":"Backflip","floor":48},{"not_picked":["Acrobatics","Phantasmal Killer","Riddle With Holes"],"picked":"SKIP","floor":55}],"player_experience":5890961,"relics_obtained":[{"floor":9,"key":"Ginger"},{"floor":10,"key":"Torii"},{"floor":26,"key":"Strawberry"},{"floor":27,"key":"Meat on the Bone"},{"floor":29,"key":"Frozen Egg 2"},{"floor":40,"key":"Bag of Preparation"},{"floor":43,"key":"Whetstone"},{"floor":47,"key":"Mercury Hourglass"},{"floor":55,"key":"Happy Flower"}],"event_choices":[{"damage_healed":0,"gold_gain":0,"player_choice":"Donut","damage_taken":0,"max_hp_gain":5,"max_hp_loss":0,"event_name":"Big Fish","floor":4,"gold_loss":0},{"damage_healed":0,"gold_gain":0,"player_choice":"Entered Light","damage_taken":23,"max_hp_gain":0,"max_hp_loss":0,"event_name":"Shining Light","floor":8,"gold_loss":0,"cards_upgraded":["Defend_G","Strike_G"]},{"damage_healed":0,"gold_gain":0,"player_choice":"Ignored","damage_taken":0,"max_hp_gain":0,"max_hp_loss":0,"event_name":"Liars Game","floor":12,"gold_loss":0},{"damage_healed":0,"gold_gain":0,"player_choice":"Traded Relic","damage_taken":0,"relics_obtained":["Nloth\u0027s Gift"],"max_hp_gain":0,"max_hp_loss":0,"event_name":"N\u0027loth","floor":19,"relics_lost":["Ginger"],"gold_loss":0},{"cards_removed":["Infinite Blades"],"damage_healed":67,"gold_gain":0,"player_choice":"Offered Uncommon","damage_taken":0,"max_hp_gain":0,"max_hp_loss":0,"event_name":"Bonfire Elementals","floor":24,"gold_loss":0},{"damage_healed":0,"gold_gain":0,"player_choice":"Bought 1 Potion","damage_taken":0,"max_hp_gain":0,"max_hp_loss":0,"event_name":"The Woman in Blue","floor":36,"gold_loss":0},{"damage_healed":0,"gold_gain":0,"player_choice":"Ignored","damage_taken":0,"max_hp_gain":0,"max_hp_loss":0,"event_name":"Tomb of Lord Red Mask","floor":38,"gold_loss":0}],"is_beta":true,"boss_relics":[{"not_picked":["Coffee Dripper","Lizard Tail"],"picked":"Philosopher\u0027s Stone"},{"not_picked":["Busted Crown","WristBlade"],"picked":"Velvet Choker"}],"items_purged_floors":[20,42,54],"is_endless":false,"potions_floor_spawned":[2,18,22,29,33,35,41,47,55],"ascension_level":20}